3300 5059
170 226 232 282 120

169 415 285 496 φαίνων
312 412 371 495 (IV
396 410 442 493 1);
475 412 586 481 hiatus,
619 415 670 489 qui
694 418 777 468 extat
800 408 882 489 apud
905 409 995 467 Hom.
1029 431 1044 471 ε
1069 412 1108 468 72
1132 412 1285 490 λειμῶνες
1306 411 1445 490 μαλακοὶ
1467 412 1525 480 λον
1644 419 1646 442 ¹

168 519 224 599 ridi
248 519 388 593 σελίνου,
412 516 489 575 alius
514 524 558 575 eet
581 516 709 593 generis.
731 548 767 558 -
787 508 873 576 olda:
898 513 959 572 XV
985 516 1045 572 146
1070 514 1152 576 ὅσσα
1175 516 1261 576 ίσατι
1284 515 1330 597 (ΙΙ
1358 512 1397 597 1),
1423 516 1522 575 XVII

171 628 209 683 18
234 625 312 704 φίλα
336 622 431 696 εἰδώς
453 619 494 704 (V
520 617 562 702 2),
586 620 679 678 XXV
704 622 743 679 37
769 620 857 699 σάφα
880 617 975 691 εἰδώς
998 617 1039 699 (V
1064 615 1111 699 2);
1137 602 1174 678 cf.
1199 621 1288 678 Hom.
1312 643 1332 702 γ
1356 623 1418 681 277
1443 622 1525 701 φίλα

169 728 290 801 εἰδότες
312 726 376 810 (ΙΙΙ
408 723 450 808 2),
486 728 513 785 0
544 728 604 785 632
630 724 719 806 σάφα
742 724 837 797 εἰδώς
860 721 902 804 (V
926 720 969 804 2),
994 746 1012 784 o
1036 724 1098 785 557
1122 726 1201 805 ἤπια
1225 724 1319 798 εἰδώς
1341 724 1382 807 (V
1407 721 1449 806 2).
1479 761 1521 769 -

170 828 271 906 οἷκοςι
294 832 341 891 VI
365 834 405 890 24
429 831 524 914 φέροι
547 829 622 893 ποτλ
645 825 737 891 ολιιον
768 828 815 911 (ΙΙ
839 830 872 901 2;
907 828 986 886 hanc
1017 827 1187 903 lectionem,
1222 850 1312 908 quam
1336 829 1421 891 editt.
1447 839 1523 890 vett.

169 936 325 1015 praebent,
343 936 484 996 Meiueke
500 936 531 993 in
555 934 602 993 ed.
624 935 684 997 ΙΙΙ.
709 954 762 993 sno
786 934 851 992 iure
874 933 1030 993 revocavit
1052 956 1106 1013 pro
1129 936 1276 1015 scriptura
1299 934 1435 1017 φέροιτο
1450 937 1523 998 ποτ’

171 1036 273 1119 οἷκον,
297 1060 375 1119 quae
399 1046 482 1099 extat
504 1040 536 1098 in
558 1038 644 1098 libris
667 1060 706 1109 m,
729 1060 758 1122 p,
781 1058 809 1113 s;
834 1037 887 1097 sed
910 1037 977 1099 eod.
1001 1038 1023 1097 k
1047 1039 1170 1098 exhibet
1193 1039 1284 1122 φέρει
1306 1039 1383 1101 ποτλ
1406 1034 1525 1118 ολιιον),

171 1146 282 1204 XXIV
311 1147 351 1203 22
376 1144 438 1207 ἀνὰ
462 1140 554 1207 ολνιον
578 1142 637 1226 (IV
662 1139 707 1225 2);
732 1144 769 1203 ef.
795 1143 886 1205 Hom.
912 1164 937 1204 or
962 1145 1025 1203 358
1049 1143 1145 1227 προτὶ
1169 1139 1261 1206 οἶκον
1285 1145 1331 1226 (ΙΙ
1356 1141 1400 1227 2),
1423 1142 1523 1204 3717

171 1249 252 1311 κατὰ
276 1245 368 1312 οἷκον
392 1247 451 1334 (IV
475 1244 517 1330 2).
831 1336 855 1392 B

257 1441 397 1513 Hiatus,
423 1461 569 1519 quorum
597 1461 636 1499 ea
660 1449 716 1499 est
739 1448 883 1512 natura,
917 1448 955 1497 ut
976 1439 1101 1498 brevis
1123 1438 1282 1514 vocalis,
1322 1441 1393 1517 qu'a
1416 1458 1524 1497 voca-

173 1545 294 1605 bu'lum
319 1546 802 1625 terminatur,'insequente
826 1563 930 1617 voce,
954 1524 1202 1623 quaesemper
1225 1545 1262 1602 in
1286 1543 1523 1603 initiohabe-

172 1651 235 1712 bat
265 1650 445 1719 vocalem,
479 1672 549 1710 non
578 1650 755 1725 elidatur,
788 1651 819 1708 in
849 1648 923 1707 duas
954 1647 1154 1708 distribuendi
1182 1658 1253 1707 sunt
1280 1649 1401 1709 classes.
1431 1657 1525 1727 atque

173 1759 205 1816 in
236 1758 362 1816 alteram
395 1776 446 1815 eos
478 1757 642 1817 referemus
675 1756 784 1829 hiatus,
818 1756 850 1814 in
879 1754 988 1833 quibus
1016 1754 1102 1813 elisio
1129 1754 1271 1832 neglecta
1299 1755 1525 1814 excusationem

173 1863 265 1922 habet
287 1862 431 1921 metricae
459 1881 563 1921 versus
592 1860 705 1920 heroici
734 1862 869 1933 rationis,
903 1861 932 1918 in
957 1860 1082 1919 alteram
1106 1879 1166 1932 eos,
1195 1857 1247 1917 ubi
1275 1867 1401 1938 propter
1426 1860 1524 1937 ipsam

152 1969 325 2028 ,vocalium
349 1967 484 2027 finalium
507 1967 678 2024 firmitatem
703 1966 788 2024 elisio
812 1966 969 2025 omittitur.
991 1984 1026 2023 ac
1042 1964 1310 2044 primumquidem
1335 1961 1382 2046 (α)
1407 1963 1444 2023 de
1467 1964 1525 2023 hoe

175 2073 310 2143 hiatuum
334 2091 446 2151 genere
470 2090 664 2149 exponemus,
689 2055 799 2128 deinde
824 2067 870 2150 (β)
895 2069 932 2128 de
956 2069 1018 2127 illo.

261 2173 294 2258 α)
311 2180 345 2234 In
362 2174 496 2253 vocibus,
514 2194 641 2253 quarum
657 2173 779 2233 vocales
794 2172 900 2232 finales
918 2174 1036 2232 elisioni
1053 2182 1232 2252 repugnant,
1249 2174 1378 2253 primum
1396 2173 1524 2232 voculae

176 2279 406 2361 monosyllabae
434 2278 637 2339 nominandae
665 2287 744 2351 sunt,
773 2278 859 2337 velut
886 2276 1066 2356 pronomina
1095 2280 1348 2356 interrogativum
1370 2278 1404 2342 τί
1417 2287 1456 2337 et
1478 2280 1523 2338 in-

174 2385 328 2444 definitum
351 2385 396 2446 al:
420 2384 471 2444 III
499 2387 540 2444 24
561 2384 595 2446 τί
616 2382 633 2445 ὁ
656 2383 812 2462 ddecus&
845 2380 909 2460 (ΙΠ
936 2378 975 2463 1),
1004 2382 1034 2441 V
1060 2387 1099 2443 10
1126 2378 1164 2464 ἧς
1190 2403 1221 2444 τι
1243 2381 1388 2445 ἐνεύδειν
1415 2381 1457 2467 (V
1484 2380 1523 2465 l),

174 2494 258 2549 XXV
287 2492 326 2550 36
353 2489 391 2571 ἠέ
412 2510 442 2551 τι
466 2489 609 2571 Αὐγείην
642 2486 671 2570 (Ι
697 2490 730 2562 23
754 2488 843 2547 lectio
868 2485 991 2567 quidem
1014 2488 1097 2566 vulg.
1128 2488 1213 2547 libris
1243 2508 1412 2548 manuscr.
1445 2508 1522 2546 com-

174 2595 303 2674 probata
327 2605 371 2655 est
393 2594 430 2677 ἠέ
452 2616 503 2657 τοι
526 2594 620 2677 Αὐγ,
637 2594 689 2653 sed
714 2614 781 2653 eum
804 2595 950 2653 sermonis
973 2594 1081 2655 rationi
1106 2616 1141 2654 ea
1163 2615 1224 2653 non
1247 2579 1417 2667 conveniat,
1441 2602 1524 2653 recte
1644 2607 1646 2624 ¹

176 2720 208 2759 se
231 2698 342 2760 habere
366 2700 485 2759 videtur
509 2701 680 2759 coniectura
702 2698 739 2781 ἠέ
761 2719 791 2761 τι
815 2698 897 2781 Αὐγ.
916 2699 953 2758 ab
969 2699 1119 2760 Abrensio
1144 2701 1186 2774 [in
1210 2699 1258 2759 ed.
1275 2694 1331 2783 IL]
1355 2700 1523 2778 proposita:

173 2823 272 2882 neque
293 2803 391 2864 hiatus
413 2803 547 2864 offendit.
566 2804 721 2862 Hermann
745 2804 889 2883 scriptum
916 2789 1015 2863 voluit
1036 2804 1074 2885 ἠὲ
1098 2806 1137 2866 σύ
1160 2807 1188 2886 γ’
1201 2802 1311 2885 Αὐγ.);
1329 2806 1366 2863 ef.
1384 2823 1451 2862 cum
1476 2802 1523 2862 his

173 2908 247 2967 loeis
275 2909 366 2969 Hom.
390 2913 422 2971 Ε
442 2911 505 2969 465
535 2908 568 2984 ἐς
589 2909 622 2971 τί
643 2907 688 2970 ἔτι
713 2905 742 2990 (Ι
767 2905 808 2991 1),
839 2912 921 2970 ο83
946 2908 1044 2971 δώσει
1066 2908 1103 2970 δέ
1124 2929 1155 2969 τι
1178 2907 1215 2971 ἕν
1237 2930 1273 2990 γε
1297 2906 1353 2991 (IV
1377 2905 1420 2990 2),
1446 2908 1520 2967 Hes.

174 3014 290 3093 Theog.
322 3017 381 3077 182
416 3018 455 3077 οὔ
482 3035 513 3077 τι
541 3013 658 3076 ἐτώσια
691 3010 754 3095 (ΙΙΙ
783 3011 824 3096 1).
860 3015 966 3073 similis
998 3023 1125 3073 naturae
1156 3014 1367 3093 pronominum
1400 3013 1522 3073 illorum

178 3128 223 3178 est
246 3121 321 3178 ratio
350 3121 477 3180 voculae
500 3119 561 3196 ὅτι,
585 3138 662 3197 quae
686 3139 776 3197 quam
799 3139 867 3178 raro
891 3118 1047 3178 adficiatur
1063 3120 1188 3177 elisione
1204 3129 1308 3178 notum
1332 3115 1425 3201 est¹):
1449 3120 1523 3177 188

175 3223 224 3286 ὅτι
247 3224 286 3287 οὐ
311 3221 374 3306 (ΙΙΙ
398 3223 440 3308 2),
466 3225 624 3298 91:883
649 3224 685 3283 cf.
710 3222 800 3282 Hom.
825 3224 858 3284 12
882 3226 942 3283 593
968 3224 1016 3286 ὅτι
1039 3226 1180 3306 Ἕκτορα
1204 3223 1265 3307 (ΙΠ
1289 3221 1332 3306 2).

261 3329 331 3388 Huc
367 3326 541 3388 adiciendos
574 3346 639 3385 esse
676 3336 798 3385 censeat
831 3328 956 3387 forsitan
991 3329 1140 3407 quispiam
1177 3329 1231 3389 hos
1271 3349 1391 3407 quoque
1425 3328 1524 3387 locos:

174 3433 273 3492 XXII
288 3436 343 3493 191
361 3434 488 3494 κολεοῖο
504 3429 711 3512 ἐρυσσαμίνιο
729 3426 792 3511 (ΙΙΙ
811 3427 852 3512 1),
873 3431 984 3490 XXIV
1010 3435 1050 3492 77
1076 3435 1305 3515 κατατρίψοντι
1325 3432 1525 3516 ἀκρέσπερον
1644 3474 1646 3502 :

176 3534 237 3620 (ΠΙ
271 3534 312 3619 1),
345 3538 410 3595 XIl
435 3537 474 3595 23
499 3534 655 3598 ἐθέλοντι.
689 3533 751 3617 ἐγώ
785 3534 848 3619 (ΙΙΙ
886 3534 927 3618 1).
957 3537 1010 3597 scd
1042 3546 1148 3597 extant
1170 3527 1200 3596 hi
1230 3540 1328 3597 hiatus
1360 3559 1462 3598 omnes
1493 3539 1524 3595 in

176 3662 212 3701 ea
234 3660 339 3700 versus
361 3640 442 3722 sede,
466 3643 497 3699 in
521 3661 583 3719 qua
606 3640 697 3699 etiam
720 3640 938 3701 infirmissimae
955 3643 1085 3718 vocales,
1102 3663 1180 3721 quae
1202 3644 1345 3703 facillime
1368 3645 1525 3723 patiuntur
1644 3683 1646 3718 ,

176 3745 341 3820 elisionem,
380 3747 411 3803 in
445 3744 529 3804 hiatu
563 3746 677 3825 positas
706 3764 770 3806 esse
794 3766 811 3804 a
834 3746 997 3807 Theocrito
1021 3748 1100 3807 infra
1121 3747 1310 3822 videbimus;
1343 3757 1435 3827 atque
1459 3770 1471 3809 ι
1493 3748 1523 3805 in
1644 3723 1646 3781 l

175 3851 388 3912 terminatione
404 3871 487 3914 ·οντι
503 3851 610 3909 tertiae
628 3870 708 3929 pers.
724 3850 802 3929 plur.
827 3861 885 3913 act.
909 3852 946 3911 ab
970 3854 1035 3932 ipso
1052 3852 1214 3913 Theocrito
1238 3853 1331 3913 semel
1356 3834 1467 3936 (XXII
1485 3856 1523 3911 19

175 3951 256 4031 αἶψα
286 3955 515 4037 ὃόλπῦλήγοντ’
550 3954 665 4037 ἄνεμοί
681 3999 688 4016 .
706 3999 712 4013 .
732 3952 753 4037 .)
778 3956 908 4018 eliditur.
942 3979 1002 4037 qua
1034 3958 1072 4016 de
1093 3978 1183 4036 causa
1206 3960 1300 4018 satius
1323 3978 1389 4017 esse
1404 3957 1525 4017 videtur

174 4061 257 4121 locos
281 4060 350 4120 illos
372 4060 461 4119 alteri
483 4059 620 4119 hiatuum
644 4061 757 4138 generi,
782 4061 863 4139 quod
886 4062 987 4121 statim
1011 4063 1214 4137 tractabimus,
1240 4062 1449 4123 adnumerare.

260 4168 331 4225 Iure
354 4176 456 4223 autem
478 4164 578 4223 hiatus
602 4165 665 4225 XV
689 4166 729 4225 30
752 4166 795 4247 μὴ
818 4168 924 4229 πουλὺ
947 4169 1086 4249 ἄπληστε
1110 4165 1152 4252 (V
1178 4166 1208 4250 1)
1232 4178 1359 4247 propter
1382 4169 1520 4228 vocalem

174 4293 194 4332 ν
218 4270 353 4330 elisionis
385 4271 594 4350 impatientem
625 4270 654 4327 h.
685 4272 705 4328 l.
736 4272 767 4331 in
799 4292 923 4331 censum
954 4273 1083 4346 veniret,
1117 4274 1142 4331 si
1171 4274 1292 4333 omnino
1325 4272 1402 4333 haec
1433 4273 1523 4331 lectio

263 4424 282 4491 1)
306 4424 399 4490 Neque
422 4428 511 4474 tamen
534 4424 610 4475 elisio
633 4440 650 4473 a
673 4426 861 4475 coniunctione
885 4420 928 4475 ὅτι
951 4426 1021 4491 apud
1043 4427 1214 4477 Theocritum
1232 4443 1341 4493 prorsus
1364 4427 1453 4478 aliens
1471 4432 1524 4496 est;
1644 4465 1646 4472 -

177 4508 283 4559 eliditur
300 4510 407 4575 quidem
422 4510 521 4561 abuius
540 4512 652 4562 voculae
665 4511 704 4561 Xl
716 4513 750 4562 tl
763 4508 834 4577 ὤμοι
852 4505 891 4561 ὅτ’
900 4510 950 4562 οὐκ
968 4508 1041 4563 ἔτεκέ
1050 4513 1085 4579 μ’,
1102 4514 1167 4565 ibid.
1178 4516 1211 4566 79
1232 4513 1314 4581 δῆλον
1332 4507 1371 4565 ὅτ’
1387 4509 1417 4565 ἒν
1428 4516 1462 4582 τᾷ
1480 4516 1523 4586 γᾷ.
