3300 5059
1415 218 1476 279 136

208 405 330 465 Miranti
353 424 426 466 vero
448 405 505 464 tibi
531 440 568 449 -
593 425 629 465 ac
652 425 725 466 sane
747 408 813 466 inre
836 405 992 467 miraberis
1029 440 1073 484 .-
1106 405 1144 467 de
1175 407 1230 474 tali
1263 406 1475 488 discrepantia,

9 548 10 551 =
121 530 201 589 quae
232 509 312 571 inter
342 509 457 590 priores
490 518 520 572 et
546 510 728 590 posteriores
758 510 927 571 Hermanni
958 510 997 571 de
1028 531 1064 571 re
1096 511 1220 571 metrica
1253 511 1350 573 editos
1381 512 1475 573 librae

119 616 299 690 intercessit,
332 614 409 679 ratio
432 614 489 674 erit
511 613 650 675 habenda
675 616 835 695 Augusti
859 614 1055 689 Boeckhii,
1083 618 1167 677 cuius
1191 617 1323 676 inventis
1346 619 1475 697 primum

120 720 206 800 quasi
222 718 451 781 fundamentum
468 719 560 779 totins
577 720 705 779 aedificii
720 720 921 801 rhythmici
938 722 1070 801 positum
1086 730 1147 796 ast;
1157 719 1247 781 buius
1259 720 1390 781 aedificii
1406 723 1476 782 arti-

120 824 214 891 ficiosi
240 824 366 905 lapides
387 824 548 885 nonnullos
571 825 728 885 Hermann
761 844 883 906 quoqne
917 826 948 884 in
980 846 1043 886 rem
1074 845 1161 886 suam
1191 846 1251 886 non
1284 826 1382 906 potuit
1414 846 1476 887 non

122 942 308 991 convortere.
333 952 394 991 non
410 931 552 991 insistens
567 930 659 1009 igitur
680 931 851 993 Hermanni
873 931 1009 1010 vestigiis
1032 930 1168 1003 Boeckb,
1193 951 1259 990 cnm
1283 930 1321 990 de
1343 932 1476 991 numeris

8 1114 9 1123 ἵ
121 1042 269 1109 veterum,
300 1036 332 1093 in
362 1036 468 1115 primis
491 1034 615 1095 Pindari
648 1036 768 1114 scripsit
779 1035 811 1112 1),
835 1035 1065 1096 fundamentum
1093 1037 1179 1095 metri
1208 1035 1382 1116 rhythmum
1411 1056 1476 1105 esse

8 1162 9 1225 }
121 1139 224 1200 docuit
254 1141 386 1220 artisque
418 1139 647 1221 rhythmicae
679 1139 875 1219 scriptoribus
914 1138 1039 1201 Graecis
1076 1141 1298 1201 accuratissime
1330 1149 1360 1199 et
1393 1140 1475 1219 inge,-

8 1238 9 1243 ’
122 1244 292 1305 niosissime
324 1246 354 1304 in
388 1264 514 1304 examen
544 1244 659 1304 vocatis
686 1245 783 1305 facem
815 1244 969 1324 praetulit,
1002 1265 1061 1325 qua
1093 1244 1165 1303 huic
1198 1244 1375 1325 disciplinae
1409 1245 1477 1323 plns

123 1369 182 1408 nno
206 1348 273 1410 loco
296 1347 428 1409 tenebris
451 1356 549 1408 tectae
582 1348 636 1407 lux
667 1347 773 1407 adfusa
802 1357 856 1407 est.
889 1369 1071 1429 quamquam
1101 1350 1180 1410 enim
1205 1349 1331 1428 Boeckh
1353 1348 1478 1409 Pindari

8 1464 10 1483 ³
121 1454 287 1536 praecipue
310 1453 460 1533 spectavit
483 1452 626 1519 carmina,
649 1460 760 1528 tamen,
788 1462 933 1533 quantum
956 1474 1005 1514 res
1021 1454 1204 1535 patiebatur,
1229 1454 1390 1515 universae
1405 1454 1477 1514 artis

120 1568 285 1638 praecepta
322 1578 413 1637 quam
449 1556 627 1619 brevissime
664 1556 757 1617 dedit.
797 1578 834 1618 ac
870 1558 1005 1637 rhythmi
1045 1560 1284 1632 continuitatem,
1318 1580 1408 1638 quam
1446 1559 1477 1617 in

120 1662 259 1723 versibus
290 1662 396 1743 lyricis
420 1662 635 1743 componendis
658 1664 849 1723 severissime
871 1659 1047 1723 observasse
1071 1673 1190 1724 veteres
1213 1661 1295 1743 Apel
1320 1662 1475 1723 Boeckbio

121 1787 244 1849 prorsus
267 1765 458 1847 probaverat,
483 1776 517 1825 nt
539 1766 776 1846 adsequerentur
797 1776 915 1846 poetae,
939 1768 970 1827 in
993 1767 1131 1827 versibus
1154 1767 1317 1847 pervarie
1340 1766 1475 1847 rhythmi

122 1892 237 1954 genera
271 1871 442 1952 compositis
471 1881 651 1951 punctorum
675 1882 705 1931 et
728 1872 916 1931 silentiorum
939 1872 1071 1932 artificiis
1093 1871 1188 1951 pedes
1210 1869 1386 1951 aequandos
1408 1890 1474 1931 esse

125 1977 253 2041 censuit.
270 1976 374 2057 itaque
390 1977 515 2037 creticos
531 1976 770 2057 aequiparandos
787 1976 929 2058 dipodius
945 1976 1115 2038 trochaicae
1131 1973 1170 2061 (Ξ
1180 1972 1255 2057 Ta)
1272 1977 1472 2055 ultimamque

121 2081 274 2163 syllabam
298 2084 389 2143 trium
411 2082 581 2142 habendam
604 2102 763 2156 morarum,
797 2084 840 2141 ite
871 2091 903 2141 nt
930 2078 1202 2165 ἀναξιφόρμιγγες
1223 2082 1322 2163 ὕμνοι
1345 2080 1473 2140 eandem

123 2188 274 2249 obtineret
289 2189 351 2247 vim
367 2186 569 2267 rhythmicam
585 2194 676 2265 atque
692 2184 764 2268 ἐμοὶ
787 2187 815 2249 δ’
826 2186 953 2260 ὄνειδος
967 2181 1008 2268 ἦν
1022 2186 1175 2249 κάκιστον
1189 2203 1420 2247 ..marmus
1436 2210 1476 2239 =

119 2310 372 2357 caesareas
402 2312 502 2372 neque
518 2292 618 2351 minus
641 2287 829 2352 choriambos
851 2290 1043 2351 catalecticos
1065 2311 1131 2380 csse
1144 2292 1256 2351 formas
1271 2290 1412 2371 dipodiae
1427 2290 1478 2351 da·

122 2513 215 2585 atque
237 2503 314 2565 baec
334 2502 481 2563 Boeckhii
504 2509 569 2561 erat
584 2499 622 2561 da
642 2500 753 2582 Apollo
782 2502 941 2576 sententia,
965 2521 1033 2561 cum
1055 2501 1161 2581 lingna
1182 2501 1281 2581 patria
1304 2499 1414 2559 librum
1438 2498 1476 2560 de

121 2608 248 2672 Pindari
278 2610 382 2669 metris
413 2604 547 2683 edidit2).
580 2604 632 2666 sed
662 2614 768 2686 postea
800 2606 831 2665 in
854 2605 949 2665 latina
972 2605 1175 2686 disputatione
1198 2605 1315 2665 mireris
1338 2605 1473 2684 prefecto

123 2735 191 2775 enm
207 2713 266 2773 sibi
281 2735 341 2775 non
357 2712 525 2774 constitisse
546 2712 748 2790 rationesque,
773 2730 849 2790 quas
864 2719 955 2770 antea
970 2710 1193 2771 commendavit
1208 2710 1341 2771 musicae
1356 2718 1477 2769 nostrae

124 2817 267 2899 exemplo
283 2818 433 2891 inductus,
457 2838 476 2877 a
491 2815 633 2876 continua
649 2814 833 2876 Graecorum
856 2814 1087 2895 rhythmopaeia
1116 2816 1256 2875 statuisse
1278 2814 1478 2875 alienissimae

125 2920 179 3008 (cf.
203 2945 234 3006 p.
260 2924 300 2984 35
319 2931 350 2983 et
372 2918 438 3005 36).
469 2922 545 2981 haec
568 2920 647 2980 enim
663 2918 735 2979 dicit
758 2940 791 3000 p.
818 2920 1031 2996 19:,10ngam
1055 2918 1204 2998 syllabam
1227 2940 1246 2977 a
1266 2920 1365 2998 poetis
1388 2919 1476 2977 musi·

126 3030 231 3110 cisque
255 3036 392 3091 veterum
415 3028 447 3088 in
469 3026 623 3086 triremem
645 3023 868 3102 longitudinem
895 3022 1074 3103 productam
1102 3042 1177 3096 esse,
1212 3043 1394 3102 quamquam
1418 3023 1476 3080 viri

125 3133 233 3194 harum
256 3153 357 3193 rerum
380 3130 552 3213 peritissimi
569 3130 740 3209 opinantur,
765 3131 817 3208 qui
833 3149 882 3187 me
899 3147 1019 3207 quoque
1034 3128 1212 3188 auctoritate
1227 3148 1282 3187 sua
1297 3129 1328 3185 in
1345 3146 1475 3186 errorem

128 3238 201 3297 olim
226 3237 425 3298 induxerunt:
451 3245 552 3295 tamen
567 3254 647 3294 nuno
669 3234 850 3314 perreptatis
872 3234 981 3293 iterum
1003 3234 1185 3293 musicorum
1206 3230 1293 3311 libris
1316 3252 1393 3310 nego
1416 3231 1474 3290 hoc

124 3343 254 3417 fortiter,
279 3342 360 3422 qnod
383 3341 458 3401 nihil
481 3360 607 3421 usquam
632 3338 778 3400 eiusmodi
801 3338 939 3413 traditur,
967 3337 1029 3412 ubi,
1058 3338 1083 3397 si
1105 3340 1218 3398 factum
1242 3345 1330 3412 esset,
1354 3338 1476 3397 reticeri

124 3468 188 3508 non
211 3444 354 3528 poterat!
387 3457 417 3507 et
444 3446 515 3506 inde
541 3446 693 3527 profectus
715 3442 889 3504 universam
912 3443 1015 3524 Apelii
1038 3443 1201 3503 doctrinam
1224 3451 1258 3503 nt
1281 3442 1472 3522 desperatam

123 3572 249 3633 prorsus
272 3552 404 3632 reliquit.
438 3560 571 3611 attamen
593 3550 669 3611 haec
692 3570 750 3609 non
775 3550 863 3609 nimis
886 3556 957 3609 sunt
978 3547 1152 3628 premenda,
1183 3557 1287 3628 utpote
1315 3548 1369 3630 qni
1394 3546 1476 3626 Apel

124 3657 316 3719 Becckbium
348 3676 470 3736 prorsus
502 3654 613 3715 habeat
645 3656 893 3732 consentientem,
927 3672 995 3713 cum
1027 3672 1066 3712 ne
1093 3654 1159 3733 ipse
1186 3650 1309 3731 quidem
1338 3658 1475 3710 veterum

125 3761 264 3823 versibus
298 3770 411 3821 tectum
443 3761 568 3821 infuisse
602 3760 775 3837 negaverit:
807 3779 878 3819 nam
910 3759 975 3817 sine
1006 3758 1061 3817 illa
1092 3765 1262 3835 temporum
1289 3755 1476 3836 aequalitate

125 3866 374 3945 compositionem
398 3864 598 3944 rhythmicam
627 3864 721 3923 ullam
755 3883 811 3922 nec
843 3863 961 3923 recitari
994 3880 1081 3942 posse
1115 3880 1172 3920 nco
1207 3860 1332 3933 cantari,
1364 3858 1476 3920 nedum

215 4162 235 4227 ¹)
256 4160 311 4225 ,De
329 4162 420 4211 metris
438 4159 549 4210 Pindari
566 4157 628 4209 libri
647 4156 700 4208 111’
718 4158 828 4223 Lipsiae
848 4158 927 4209 1811.

216 4248 237 4314 ¹)
257 4247 299 4299 Ol.
317 4247 408 4299 Uebcr
432 4246 476 4297 die
493 4246 650 4298 Versmasse
677 4246 724 4296 des
751 4244 891 4295 Pindaros.
909 4244 980 4295 Mus.
1014 4242 1039 4295 d.
1056 4241 1407 4294 Altertbnmswtssenscbaft
1433 4242 1478 4293 ed.

125 4336 170 4387 Fr.
183 4338 216 4387 Δ.
229 4334 308 4386 Wolf
327 4339 354 4384 et
363 4333 433 4384 Phil.
444 4334 590 4385 Buttmann
600 4331 660 4384 Vol.
670 4332 706 4384 11.
716 4332 804 4383 Berol.
815 4333 892 4395 1810,
901 4346 927 4397 p.
940 4332 1086 4383 itt-aea.
1107 4330 1143 4381 ad
1155 4346 1220 4394 rem,
1240 4330 1273 4381 ds
1291 4343 1346 4395 qna
1364 4331 1478 4396 egimus,

126 4427 253 4489 spectant
277 4424 448 4488 potissimum
471 4437 498 4485 p.
517 4422 576 4471 266.
601 4421 661 4471 191.
680 4422 739 4471 321.
758 4422 809 4471 845
828 4435 867 4486 sq.
886 4421 947 4472 347.
967 4418 1061 4469 eadem
1081 4419 1273 4470 commentatio
1292 4418 1387 4470 eodem
1405 4432 1478 4470 anno

126 4512 238 4568 seorsim
260 4510 336 4563 edita
355 4508 421 4561 mihi
439 4524 493 4559 non
512 4513 618 4575 praesto
639 4507 698 4558 tuit.
