3300 5059
1422 268 1482 325 345

130 470 209 530 quae
232 458 344 529 quanto
360 447 466 509 (licere
489 452 521 509 in
539 451 638 531 poetis
660 452 760 511 studio
776 461 912 511 versatus
935 454 984 529 sit,
1009 454 1071 512 alia
1094 472 1132 512 ex
1154 463 1240 532 parte
1264 454 1480 536 demonstrant.

129 555 188 613 iam
226 573 317 635 supra
348 576 379 634 p.
413 556 476 613 240
510 558 613 615 monui
650 555 827 616 Ciceronem
865 558 965 637 ipsum
1002 560 1171 638 professum
1210 579 1276 621 esse
1314 562 1480 621 orationem

130 678 215 719 suam
248 660 378 721 crevisse
410 680 427 718 e
457 667 614 741 poetarum
646 659 763 722 studiis.
800 680 900 741 neque
933 661 1012 741 quod
1044 662 1126 723 haud
1154 666 1197 723 ita
1218 685 1286 724 raro
1312 664 1391 744 apud
1415 684 1482 723 eum

131 763 297 823 locutiones
329 765 534 848 inveniuntur,
572 785 649 843 quae
682 766 747 824 sine
781 765 873 825 dubio
906 786 923 824 c
954 768 1051 845 poetis
1082 775 1151 827 sunt
1179 768 1301 848 petitae,
1337 770 1480 845 exiguum

27 913 28 919 .
131 865 253 928 videtur
281 889 347 929 esse
378 867 600 950 documentum,
634 877 747 948 quanta
779 870 938 949 diligentia
962 870 1067 931 Cicero
1090 872 1199 951 legerit
1230 881 1388 953 poetarum
1420 894 1482 933 car·

27 981 28 984 ’
134 973 226 1033 mina.
258 974 319 1033 iam
351 992 424 1033 vero
455 972 572 1033 Seneca
603 973 685 1054 apud
717 972 800 1034 Gall.
828 975 868 1033 N.
893 975 931 1033 A.
955 974 1022 1034 XII
1045 979 1073 1048 2,
1100 977 1118 1035 6
1149 975 1206 1037 hoc
1240 976 1413 1037 observavit
1444 976 1482 1038 de

131 1077 247 1137 hinnio:
282 1076 376 1157 ‘apud
408 1078 508 1158 ipsum
541 1078 671 1158 quoquo’
702 1080 802 1159 inquit
824 1076 1012 1139 ‘Ciceronem
1044 1082 1181 1139 invenies
1215 1083 1305 1140 etiam
1333 1083 1364 1141 in
1392 1102 1482 1162 proso

130 1182 266 1241 oratione
289 1182 448 1262 quaedam,
465 1207 467 1211 ’
482 1203 520 1241 ex
543 1181 652 1262 quibus
675 1182 835 1262 intellegas
858 1164 944 1243 illum
967 1205 1027 1245 non
1050 1184 1219 1264 perdidisse
1242 1205 1376 1265 operam,
1401 1186 1479 1265 quod

134 1286 264 1345 Ennium
289 1287 384 1364 legit?
407 1290 607 1346 recentiorum
623 1295 794 1367 temporum
809 1296 910 1347 autem
934 1288 1069 1347 homines
1092 1287 1182 1361 docti,
1207 1297 1356 1369 quantum
1374 1289 1479 1349 Cicero

135 1389 274 1449 debuerit
289 1392 396 1469 poetis,
420 1390 601 1451 studuerunt
616 1391 786 1451 ostendere.
810 1400 902 1470 atque
917 1412 995 1471 quae
1017 1393 1184 1453 locutiones
1200 1400 1304 1452 extare
1319 1393 1482 1453 videantur

132 1496 212 1574 apud
244 1494 382 1554 Tullium
413 1516 451 1555 ex
481 1497 582 1555 Ennio
614 1498 750 1569 haustae,
783 1498 819 1554 F.
848 1496 960 1576 Hoppe
991 1498 1170 1576 explanavit
1200 1499 1232 1555 in
1263 1518 1364 1577 progr.
1389 1495 1480 1557 Gum-

133 1598 272 1658 binnensi
297 1601 381 1659 1875
405 1622 435 1677 p.
460 1600 556 1678 hsqq.
580 1621 681 1680 neque
700 1600 825 1659 dubium
849 1610 905 1677 est,
940 1600 1012 1679 quin
1036 1600 1141 1659 Cicero
1165 1620 1200 1660 eo
1223 1603 1385 1681 praecipue
1408 1610 1480 1660 tem·

130 1723 214 1780 pore,
250 1724 309 1782 quo
342 1703 381 1761 ad
409 1701 557 1761 Asianum
588 1702 708 1763 dicendi
722 1689 725 1696 ¹
740 1723 837 1780 genus
868 1702 1030 1777 ferebatur,
1061 1705 1081 1765 i.
1105 1724 1131 1762 e.
1166 1712 1328 1783 antequam
1351 1706 1480 1765 Molonis

130 1805 243 1866 Rhodii
266 1827 338 1867 usus
362 1817 407 1867 est
426 1807 625 1887 institutione,
649 1816 807 1886 poetarum
822 1806 942 1891 scrinia,
967 1817 1001 1866 ut
1015 1808 1060 1867 ita
1082 1808 1191 1884 dicam,
1217 1808 1400 1888 expilaverit
1426 1808 1478 1889 (ci.

131 1933 165 1992 p.
190 1914 264 1973 240.
289 1908 377 1992 311).
407 1912 487 1990 quod
511 1920 659 1989 quatenus
683 1931 721 1970 ex
744 1912 929 1971 orationibus
952 1933 1007 1990 pro
1030 1913 1065 1973 P.
1090 1910 1232 1984 Quinctio
1264 1921 1294 1971 et
1316 1912 1346 1975 S.
1371 1913 1479 1972 Roscio

130 2016 276 2075 Amerino
313 2014 426 2074 habitis
458 2014 613 2095 adpareat,
648 2018 873 2074 accuratissime
905 2017 1058 2075 examinat
1082 2015 1119 2076 G.
1142 2016 1301 2095 Landgraf
1332 2014 1391 2077 ‘De
1419 2017 1479 2076 elo·

129 2121 251 2179 cutione
281 2121 314 2178 in
348 2119 534 2179 orationibus
564 2140 618 2199 pro
646 2120 682 2178 P.
707 2118 744 2193 Q.
769 2128 800 2178 et
821 2120 853 2183 S.
877 2120 913 2179 R.
939 2117 1123 2199 conspicua',
1153 2119 1358 2197 Wirceburgii
1385 2121 1477 2191 1878,

130 2245 160 2302 p.
186 2228 225 2282 14
245 2244 312 2304 sqq.
337 2235 368 2283 et
390 2226 422 2282 in
445 2226 670 2298 commentario,
696 2245 755 2304 quo
778 2224 922 2283 orationis
944 2224 1114 2287 Roscianae
1137 2225 1300 2285 editionem
1323 2226 1477 2289 instruxit.

128 2327 255 2407 Erlang.
282 2330 375 2409 1884,
407 2348 438 2406 p.
464 2331 535 2388 124.
568 2344 751 2409 quamquam
775 2328 915 2409 equidem
940 2328 1130 2409 Ciceronem,
1163 2330 1215 2387 ubi
1246 2329 1354 2388 eadem
1385 2327 1478 2387 habet

129 2430 224 2490 verba
251 2452 286 2491 ac
308 2431 436 2492 Plautus
458 2433 510 2491 vel
532 2433 610 2491 alius
642 2442 733 2511 poeta
755 2434 896 2513 comicus,
929 2454 988 2491 non
1024 2432 1160 2491 omnibus
1193 2434 1266 2491 locis
1295 2453 1333 2492 ex
1355 2432 1475 2491 illorum

129 2535 239 2596 fabulis
271 2557 307 2596 ea
337 2539 461 2616 petiisse
492 2557 610 2600 censeo.
648 2559 718 2595 nam
751 2557 830 2616 quae
862 2556 970 2616 reapse
1002 2536 1039 2594 ad
1071 2545 1176 2614 poetas
1207 2537 1268 2596 sint
1296 2535 1477 2612 revocanda,

129 2660 348 2720 usquequaque
382 2640 557 2714 certioribus
594 2641 675 2699 velle
707 2641 952 2700 circumscribere
984 2639 1094 2699 finibus
1132 2639 1321 2720 periculosae
1353 2640 1479 2719 plenum

130 2766 205 2823 opus
228 2746 314 2805 aleae
336 2743 411 2802 mihi
433 2744 562 2803 videtur.
585 2743 750 2823 permultas
773 2745 853 2803 enim
875 2744 1043 2803 locutiones
1067 2744 1153 2803 tritas
1175 2746 1269 2804 fuisse
1292 2746 1325 2802 in
1341 2763 1477 2805 sermone

128 2847 278 2908 cotidiano
303 2869 338 2908 ac
361 2848 502 2908 familiari
521 2852 553 2907 in
573 2847 732 2929 propatulo
749 2858 809 2922 est3
834 2868 909 2928 quas
925 2847 1031 2907 eodem
1046 2856 1136 2927 pacto
1154 2849 1276 2907 Tullius
1293 2868 1351 2927 quo
1368 2859 1477 2927 poetae

128 2955 159 3012 in
183 2956 288 3033 primis
312 2955 419 3013 comici
441 2962 561 3033 poterat
582 2974 746 3034 usurpare:
770 2974 871 3034 neque
894 2953 962 3013 ideo
986 2954 1086 3013 statim
1110 2954 1323 3033 suspicandum
1347 2955 1375 3013 ei
1398 2955 1477 3013 hunc

127 3057 286 3116 velillum
312 3065 420 3136 poetae
443 3058 568 3117 alicuius
590 3058 691 3117 locum
715 3060 785 3117 ante
808 3057 911 3117 oculos
934 3067 1088 3116 versatum
1111 3077 1187 3117 esse.

229 3161 317 3222 Haec
339 3161 442 3242 habui,
475 3182 553 3241 quae
582 3162 620 3222 de
644 3161 798 3222 Ciceronis
821 3171 978 3241 poetarum
1001 3162 1180 3222 Latinorum
1203 3160 1311 3221 studiis
1335 3160 1475 3221 dicerem.

125 3272 228 3346 restat,
257 3267 344 3325 utin
368 3267 543 3327 universum
564 3288 732 3346 proponam
754 3286 854 3325 meum
876 3265 1030 3327 iudicium.
1064 3267 1192 3346 primum
1215 3266 1409 3347 perspicuum
1431 3278 1476 3327 est

128 3366 307 3429 Ciceronem
331 3370 551 3450 antiquioribus
581 3372 680 3452 poetis
712 3391 835 3451 operam
867 3370 997 3445 dedisse,
1030 3372 1214 3433 recentiores
1250 3370 1475 3449 contempsisse.

128 3491 189 3549 qua
220 3474 252 3531 in
283 3495 317 3533 re
351 3484 432 3535 certe
463 3496 570 3535 sanum
606 3475 735 3556 quodam
768 3474 856 3536 modo
889 3475 1041 3555 praestitit
1072 3474 1216 3534 iudicium
1254 3472 1306 3557 (cl.
1341 3495 1372 3554 p.
1403 3478 1475 3545 244,

126 3576 195 3635 adn.
215 3579 259 3655 2).
283 3580 404 3639 illorum
426 3588 526 3638 autem
549 3581 650 3640 studia
672 3579 790 3638 duabus
805 3581 969 3658 praecipue
983 3578 1074 3639 rebus
1090 3578 1324 3637 adiuvabantur:
1348 3580 1474 3658 primum

128 3702 232 3741 eornm
255 3691 286 3742 et
310 3682 443 3761 dignitas
474 3684 594 3763 poetica
627 3691 658 3742 et
681 3683 793 3744 locutio
817 3704 834 3741 a
857 3684 960 3743 multis
983 3684 1057 3742 viris
1090 3682 1199 3750 doctis,
1220 3691 1284 3741 erat
1316 3682 1477 3761 diligenter

128 3795 320 3865 pertractata,
346 3808 471 3867 quorum
486 3789 754 3867 praestantissimis
770 3787 876 3848 Cicero
894 3809 965 3847 usus
982 3798 1027 3847 est
1043 3776 1156 3847 amicis.
1182 3786 1293 3849 deinde
1310 3789 1474 3869 carminum

128 3891 264 3969 ipsorum
288 3892 419 3971 cognitio
442 3892 524 3970 apud
545 3895 719 3952 universnm
742 3894 888 3973 populum
920 3895 951 3949 in
986 3892 1050 3951 dies
1073 3893 1254 3970 augebatur:
1290 3909 1421 3970 namque
1445 3902 1475 3949 et

124 3981 267 4073 poemata
290 3998 377 4075 opica
398 3996 520 4077 publice
541 3997 746 4057 recitabantur
777 4005 808 4056 et
837 3997 1003 4076 pleraeque
1032 4015 1136 4057 omnes
1167 4004 1324 4075 poetarum
1347 3993 1473 4053 clarissi-

127 4120 242 4160 morum
264 4099 387 4160 fabulae
409 4101 443 4159 in
465 4120 574 4160 scaena
589 4101 768 4179 agebantur.
776 4098 801 4183 ¹)
826 4109 918 4178 atque
934 4099 1051 4182 Cicero,
1074 4108 1108 4159 ut
1124 4100 1187 4158 eius
1210 4098 1310 4157 studia
1327 4099 1473 4166 omittam,

150 4308 154 4312 -
228 4274 248 4339 ¹)
267 4274 368 4323 Ennii
379 4272 574 4335 Andromacha,
587 4273 685 4323 Medea
704 4273 775 4336 exul,
791 4272 910 4335 Telamo,
929 4272 1069 4337 Thyestes,
1082 4269 1246 4335 Melanippa,
1260 4272 1337 4333 Aiax,
1355 4271 1469 4321 fortasse

124 4359 262 4423 Alcumeo,
272 4359 437 4422 Alexander3
454 4358 829 4420 Ι110111111110110,Τ11110111,
844 4356 969 4423 Chryses,
987 4358 1114 4423 Antiopa,
1132 4356 1234 4419 Medus,
1249 4356 1356 4423 Niptra;
1375 4356 1467 4407 Accii

123 4448 229 4512 Atreus,
249 4446 435 4514 Clytemestra,
453 4446 578 4512 Epigoni,
596 4445 709 4508 Tereus,
726 4446 887 4510 Eurysaces,
908 4445 1017 4508 Brutus,
1040 4443 1153 4493 fortasse
1172 4441 1332 4495 Philocteta.
1357 4442 1469 4497 Plauti

122 4534 300 4600 irinummus,
322 4533 487 4598 Pseudulus;
517 4532 660 4585 Caecilii
685 4532 787 4583 Statii
810 4532 978 4598 Synephebi,
1003 4529 1242 4597 Hypobolimseus,
1272 4528 1387 4593 Hymuis
1414 4528 1469 4593 (vel
