3300 5059
164 225 265 293 ,68

225 422 254 472 et
287 411 506 492 quinquagiens
533 408 615 467 bunc
645 408 676 466 in
709 406 831 466 modum
867 406 980 469 breves·
1007 406 1145 486 syllabae
1189 406 1295 464 finales
1327 402 1617 486 producuntur1).

224 528 313 600 atque
337 518 402 597 ipse
425 492 563 592 Nonum,
588 503 684 596 quem=
701 533 739 572 ex
771 513 887 573 arsibus
919 513 1016 586 tertia,
1042 513 1157 591 quinta,
1180 519 1265 571 sexta
1294 509 1501 569 huiusmodi
1528 531 1615 590 pro-

201 622 379 699 ductiones
416 641 538 701 prorsus
571 620 725 702 expulisse
759 617 936 678 Scheindler
963 611 1222 698 demonstravit²),
1260 616 1292 675 in
1323 615 1456 696 pedibus
1492 615 1611 676 altero

224 738 255 789 et
286 736 394 809 quarto
430 726 671 807 frequentissime
703 725 733 783 in
767 744 876 783 vocum
899 724 1026 784 confinio
1051 723 1200 804 syllabam
1223 723 1347 782 brevem
1369 730 1441 781 ante
1468 729 1610 780 mutam

225 857 250 898 c.
274 834 293 896 l.
317 833 474 914 produxit.
508 830 590 912 apud
622 831 820 890 Theocritum
849 848 921 889 vero
953 829 1090 888 vocalem
1121 829 1244 888 brevem
1266 829 1297 886 in
1321 828 1404 887 exitu
1432 826 1606 886 vocabuli

227 923 423 1012 conlocatam,
435 957 437 962 ⁴
448 937 566 997 etiamsi
599 935 714 995 duabus
738 936 876 996 consonis
900 935 989 994 mutis
1005 933 1232 1014 insequentibus
1248 932 1442 1013 producatur,
1462 952 1608 1012 semper

142 1046 145 1050 ’
212 1045 286 1106 ¹iere
316 1046 347 1103 in
381 1043 442 1103 arsi
474 1049 540 1101 aut·
557 1041 652 1100 altera
687 1050 738 1100 aut
772 1048 880 1121 quarta
910 1039 1036 1119 reperiri
1068 1039 1147 1098 infra
1179 1037 1360 1100 videbimus.
1393 1037 1605 1118 explicanda

225 1159 325 1209 autem
358 1147 430 1206 inde
454 1167 491 1206 ea
519 1166 565 1206 res
598 1166 663 1206 esse
694 1145 824 1219 videtur,
839 1224 844 1232 ι
858 1143 939 1225 quod
971 1145 1050 1205 inter
1080 1163 1180 1219 voces,
1213 1163 1292 1223 quae
1314 1142 1507 1203 antecedunt
1544 1142 1602 1200 vel

224 1262 364 1314 secuntur
398 1252 572 1332 primariam
609 1271 713 1310 versus
746 1250 860 1310 heroici
894 1270 1057 1328 caesuram,
1090 1249 1265 1330 saepissime
1295 1257 1393 1307 artum
1416 1248 1598 1308 vinculum

174 1341 178 1345 ’
227 1357 428 1438 syntecticum
450 1355 619 1415 intercedit.
645 1374 705 1435 qua
728 1355 766 1414 de
789 1375 822 1414 rc
845 1355 925 1414 infra
946 1353 1036 1433 plura
1060 1373 1217 1433 exponam.

312 1462 349 1520 In
381 1459 627 1540 productionibus
662 1469 769 1535 autem,
804 1479 879 1539 quas
911 1457 1016 1532 adtuli,
1048 1459 1200 1518 rarissime
1233 1459 1348 1518 vocalis
1374 1456 1532 1537 producta
1558 1458 1594 1516 in

226 1568 285 1626 arsi
309 1576 394 1627 sexta
408 1546 507 1647 posita
529 1575 585 1628 est.
609 1567 640 1625 in
657 1564 779 1645 edylliis
804 1564 925 1645 quidem
947 1563 1046 1624 bucol.
1071 1573 1101 1623 et
1122 1565 1203 1625 mim.
1227 1583 1406 1643 numquam,
1431 1564 1466 1622 in
1492 1563 1596 1642 epicis

226 1693 286 1736 non
318 1673 438 1750 saepius
474 1691 564 1750 quam
597 1669 703 1730 semel:
728 1669 827 1728 XXII
853 1670 936 1742 1713
962 1667 1079 1727 accedit
1102 1688 1139 1728 ex
1163 1688 1206 1733 ce.
1230 1666 1302 1728 dub.
1335 1690 1365 1732 v.
1388 1668 1511 1727 XXIII
1538 1671 1592 1726 13.

225 1786 353 1856 utroque
385 1777 450 1836 loco
484 1796 608 1838 caesura
640 1775 738 1835 bucol.
772 1775 924 1835 antecedit
957 1775 1200 1855 interpunctione
1223 1773 1340 1848 adiuta;
1365 1783 1460 1855 atquc
1483 1774 1593 1854 priore

226 1881 400 1962 producitur
431 1866 540 1942 vocula
572 1880 609 1942 di
641 1876 763 1961 (αἵματι
795 1879 832 1942 δὲ
867 1878 953 1964 χρή),
985 1901 1075 1959 quam
1107 1880 1137 1938 in
1171 1878 1278 1940 eadem
1309 1883 1414 1939 versus
1446 1877 1522 1938 sede
1557 1893 1590 1942 et

227 1987 378 2044 Homerus
402 1995 432 2046 et
455 1986 507 2044 alii
530 1985 668 2044 similiter
698 1992 898 2064 'usurparuut;
928 1987 965 2044 cf.
990 1985 1079 2044 Hom.
1109 1986 1147 2046 Ψ
1166 1986 1228 2044 228
1251 1985 1400 2047 παύσατο
1423 1983 1461 2046 δὲ
1490 1982 1590 2067 φλόξ,

228 2091 301 2150 Hes.
318 2089 376 2170 Op.
396 2093 457 2149 23¹2
475 2091 586 2170 οὔρεσι
601 2088 637 2150 δὲ
654 2088 742 2172 δρῦς.
767 2090 901 2148 animum
917 2098 1017 2148 autem
1032 2098 1151 2169 poetae,
1176 2091 1231 2169 qui
1247 2110 1274 2148 c.
1289 2089 1415 2148 XXIII.
1437 2090 1586 2162 condidit,

230 2216 297 2254 cum
320 2192 464 2253 scriberet
486 2215 516 2255 v.
536 2195 574 2251 13
591 2199 631 2276 τᾷ
655 2192 691 2254 δὲ
713 2196 793 2277 polet
815 2193 853 2256 τὸ
875 2195 1054 2275 πρόσωπον
1077 2193 1237 2275 ἀμείβετο,
1251 2202 1353 2276 φεῦγε
1372 2191 1473 2255 δ’ἀπὸ
1487 2195 1587 2276 χρώς,

229 2298 342 2359 subiise
373 2298 493 2358 videtur
526 2299 671 2357 memoria
702 2301 860 2372 versuum,
887 2299 984 2377 qualis
1008 2306 1054 2357 est
1076 2299 1166 2359 Hom.
1189 2318 1208 2360 τ
1230 2299 1303 2372 204,
1336 2297 1389 2356 ubi
1419 2298 1452 2356 in
1475 2298 1584 2358 eadem

229 2403 300 2464 sede
333 2403 446 2462 vocalis
478 2401 578 2462 brevis
609 2412 753 2481 sequente
786 2395 861 2462 voce
883 2403 968 2485 χρώς
989 2401 1181 2481 producitur:
1205 2410 1262 2483 τῆς
1284 2402 1376 2485 δ’ἄρ’
1401 2400 1587 2484 ἀκουούσης

231 2506 282 2591 ῥέε
305 2508 442 2589 δάκρυα,
463 2507 576 2588 τήκετο
599 2506 635 2568 δὲ
650 2508 734 2590 χρώς
743 2506 798 2566 ‘vel
815 2509 840 2566 P
858 2509 919 2567 ⁷33
934 2515 1002 2569 τῶν
1017 2506 1053 2569 δὲ
1066 2508 1207 2591 τράπετο
1222 2507 1317 2590 χρώς.
1340 2509 1369 2565 in
1395 2508 1454 2566 arsi
1475 2507 1584 2585 prima,

232 2633 309 2692 quac
332 2613 364 2670 in
387 2613 560 2671 universum
584 2611 885 2691 VII‘productiones
908 2612 1041 2687 exhibet,
1064 2612 1186 2672 sexiens
1210 2611 1331 2671 articuli
1359 2613 1468 2670 formas
1491 2611 1509 2672 ὁ
1531 2610 1584 2670 vcl

230 2717 268 2780 τό
291 2715 430 2801 (quarum
455 2717 527 2776 haee
562 2718 654 2776 semel
687 2718 873 2796 pronominis
904 2719 971 2776 vice
993 2717 1145 2796 iungitur:
1161 2715 1191 2775 V
1217 2719 1254 2774 11
1278 2715 1317 2777 τὸ
1339 2715 1505 2797 Κροκύλος
1525 2737 1584 2795 μοι

232 2818 362 2905 ἔδωκε),
379 2820 540 2900 productas
565 2823 741 2900 reperimus,
776 2821 871 2881 semel
893 2842 1029 2900 pronom.
1053 2821 1087 2881 τί
1108 2822 1139 2880 in
1164 2820 1267 2879 verbis
1289 2820 1322 2881 τί
1341 2826 1471 2902 πρῶτον
1491 2838 1581 2880 κατα-

231 2923 322 3004 λέξω,
353 2927 390 2988 cf.
424 2926 514 2986 Hom.
537 2928 560 2988 ἰ
589 2929 629 2986 14
652 2927 685 2989 τί
705 2927 837 3009 πρῶτόν
858 2947 910 2989 τοι
932 2925 1053 3002 ἔπειτα,
1074 2925 1108 2986 τί
1128 2925 1156 2987 δ’
1167 2924 1321 2987 ὑστάτιον
1342 2920 1507 2998 καταλέξω.
1531 2931 1579 2981 sat

183 3045 193 3110 J
233 3052 332 3110 pauca
363 3031 504 3110 exempla
537 3033 627 3090 ctiam
658 3033 690 3089 in
723 3031 838 3090 ansibus
860 3032 951 3090 tertia
975 3040 1006 3090 et
1027 3031 1135 3109 quInta
1159 3036 1278 3103 extant;
1303 3027 1356 3089 sed
1379 3029 1480 3088 bemm
1502 3048 1579 3106 qnae

233 3136 273 3195 sit
295 3143 411 3210 natura,
435 3145 469 3194 ut
492 3137 662 3195 accuratius
684 3137 780 3214 possit
802 3136 944 3215 perspici,
969 3136 1060 3194 etiam
1083 3134 1160 3192 alias
1183 3135 1328 3205 rationes,
1354 3133 1460 3211 quibus
1480 3133 1509 3190 in
1531 3133 1577 3191 bis

236 3239 487 3319 productionibus
521 3239 715 3298 admittendis
748 3239 871 3298 ductum
903 3259 970 3299 esse
993 3238 1191 3298 Theocritum
1224 3237 1359 3317 adparet,
1388 3237 1574 3315 respiciamus

234 3363 359 3403 neeesse
384 3353 438 3402 est.
842 3321 846 3328 Ι

323 3447 477 3526 Exempla
500 3432 573 3507 vcro
588 3447 826 3526 productionum
851 3469 942 3527 snpra
965 3449 1068 3507 adlata
1093 3448 1119 3507 si
1141 3447 1237 3507 oculis
1260 3447 1496 3526 perlustraveris,
1517 3466 1572 3504 non

238 3551 335 3630 fugiet
357 3561 388 3610 te
411 3552 557 3630 pleraque
581 3571 683 3611 eorum
706 3553 748 3610 ita
772 3573 839 3612 esse
855 3561 1036 3632 comparata,
1060 3560 1093 3610 ut
1115 3572 1177 3610 vox
1199 3573 1217 3609 a
1239 3559 1323 3609 muta
1346 3571 1371 3609 c.
1394 3550 1415 3607 l.
1436 3551 1572 3628 incipiens

237 3676 304 3714 cum
327 3655 475 3716 vocabulo
499 3643 719 3736 praecedente,
737 3659 821 3716 cuius
845 3659 877 3715 in
901 3658 985 3716 exitu
1008 3658 1123 3716 vocalis
1139 3657 1240 3715 brevis
1256 3653 1444 3734 producatur,
1459 3655 1569 3712 vinculo

216 3761 405 3840 -syntectico
439 3761 588 3820 artissime
621 3763 762 3841 copulata
794 3763 842 3821 sit.
875 3761 952 3819 haec
983 3761 1087 3818 eadem
1121 3762 1173 3818 lex
1205 3767 1350 3838 quantum
1382 3759 1478 3816 valcat
1497 3758 1569 3838 apud

239 3865 405 3935 Homerum
429 3866 458 3923 in
484 3865 634 3925 similibus
658 3865 907 3945 productionibus
923 3886 983 3924 non
1000 3865 1096 3924 solum
1121 3874 1193 3924 ante
1208 3873 1321 3922 mutam
1337 3884 1361 3921 c.
1379 3864 1411 3936 l.,
1427 3864 1567 3922 sedetiam

237 3979 308 4029 ante
331 3970 410 4029 solas
434 3990 580 4030 consonas
604 3969 746 4051 liquidas,
771 3979 858 4029 acute
881 3969 1102 4030 demonstratur
1118 3969 1154 4028 ab
1172 3969 1310 4028 Hartclio
1341 3968 1362 4026 l.
1386 3988 1411 4026 c.
1426 3968 1450 4040 I,
1470 3989 1496 4046 p.
1519 3970 1563 4041 10,

239 4077 278 4134 79
304 4095 381 4154 sqq.‚
406 4077 446 4133 85
472 4096 550 4154 sqq.‚
576 4078 615 4134 88
640 4096 705 4154 sqq.
732 4073 812 4154 apud
837 4075 1033 4135 Theocritum
1061 4075 1183 4155 quidem
1209 4096 1247 4133 ex
1275 4072 1413 4133 omnibus
1434 4073 1497 4131 locis
1516 4072 1567 4132 huc
1618 4046 1621 4127 l

239 4179 462 4258 pcrtinentibus
485 4188 546 4238 tres
570 4187 685 4237 tantum
715 4175 777 4261 (III
802 4182 852 4252 16,
876 4180 955 4239 XIV
980 4183 1030 4253 53,
1054 4181 1168 4240 XVIII
1197 4177 1252 4262 52)
1276 4188 1346 4239 ante
1368 4177 1527 4269 vocabulum
1551 4199 1566 4235 a

327 4421 347 4488 ¹)
367 4421 406 4472 Cf.
424 4421 525 4472 Benek.
545 4420 563 4470 1.
584 4437 606 4470 c.
624 4437 649 4485 p.
669 4425 711 4472 42.

326 4507 346 4570 ²)
364 4510 473 4569 ,Quaest
491 4507 578 4559 Noun.
598 4509 611 4558 1
631 4512 661 4559 15
682 4526 737 4576 sqq.
758 4571 760 4576 ι
