3300 5059
120 448 259 506 hiatuum
290 448 492 526 frequentiam
527 448 606 527 apud
641 447 716 509 alios
738 457 845 530 poetas
869 470 1075 530 comparamus
1106 474 1173 510 cum
1200 473 1257 511 usu
1280 452 1475 513 Theocriteo.

121 556 150 612 in
186 552 316 611 Homeri
350 552 474 632 quidem
508 553 689 614 carminibus
721 555 781 614 duo
815 555 880 614 fere
903 555 989 613 milia
1010 556 1041 614 id
1064 577 1161 635 genus
1190 557 1326 617 hiatuum
1350 560 1476 638 reperiri

124 662 182 717 iam
208 661 516 722 commemoravimus,
541 660 594 719 sed
618 659 700 738 apud
715 647 718 653 ¹
734 679 784 719 eos
816 679 938 739 quoque
967 669 1074 739 poetas
1106 662 1217 740 epicos,
1251 663 1303 741 qni
1332 663 1475 742 aequales

122 766 246 823 fuerunt
271 764 437 838 Theocriti,
470 764 562 823 latius
593 772 697 844 patere
729 764 836 823 horum
863 764 999 824 hiatnum
1029 784 1113 823 usum
1142 765 1282 844 adparet;
1316 768 1359 826 sic
1382 767 1475 846 Apol-

122 869 219 928 lonius
260 870 292 927 in
327 864 636 929 IOODOOOXXXV
668 868 942 949 Argonauticoruoi
984 869 1122 930 versibus
1162 868 1331 931 uccuxss
1361 872 1474 930 similes

122 973 223 1032 hiatus
246 973 305 1032 sibi
329 973 518 1053 concessit1).

209 1077 262 1138 Ad
285 1078 421 1156 singulas
444 1087 544 1139 autem
567 1098 672 1139 versus
695 1078 782 1139 sedes
815 1079 896 1159 quod
928 1079 1053 1154 adunet,
1078 1080 1242 1139 maximam
1268 1089 1388 1159 partem
1410 1081 1473 1141 hia-

123 1194 208 1243 tuum
232 1193 337 1244 extare
361 1183 498 1244 videmus
521 1185 553 1245 in
577 1186 636 1244 arsi
659 1186 765 1263 quinta
781 1183 882 1269 (XX),
905 1184 944 1244 ad
960 1187 1203 1265 quamproxime
1219 1186 1367 1246 accedunt
1389 1206 1469 1247 arses

122 1289 220 1369 prima
253 1297 284 1348 et
315 1289 421 1363 altera,
455 1309 533 1369 quae
563 1289 621 1349 hac
652 1291 683 1349 in
714 1311 748 1350 re
780 1291 823 1350 nil
846 1291 924 1350 inter
946 1310 978 1349 se
1001 1289 1143 1350 differunt
1166 1288 1210 1374 (io
1233 1300 1364 1371 utraque
1387 1292 1465 1352 XVI

124 1395 317 1475 reperiuntur
339 1391 503 1478 exempla),
528 1403 592 1453 tum
615 1396 751 1476 sequitur
774 1397 981 1476 arsisquarta
1005 1393 1096 1479 (XI);
1120 1398 1295 1475 paucissimi
1318 1405 1419 1457 autem
1442 1398 1473 1455 in

124 1500 184 1559 arsi
213 1501 306 1560 tertia
335 1509 441 1560 extant
467 1500 578 1577 hiatus,
614 1505 666 1577 qui
688 1521 749 1561 non
774 1501 843 1581 plus
870 1501 951 1561 VIII
975 1510 1054 1561 sunt.
1089 1521 1125 1559 sc
1148 1501 1272 1579 dignum
1296 1511 1342 1561 est
1365 1521 1474 1562 memo-

124 1614 192 1664 ratu
228 1606 259 1663 in
292 1605 427 1684 quinque
458 1604 564 1665 horum
597 1606 803 1685 exemplorum
837 1602 901 1689 (ΠΙ
934 1606 985 1678 39,
1019 1607 1071 1677 42,
1094 1605 1144 1664 XI
1167 1606 1224 1681 453
1254 1606 1290 1665 H
1314 1609 1365 1684 61,
1400 1604 1474 1690 145)

123 1711 242 1769 hiatum
266 1711 427 1769 convenire
451 1731 519 1771 cum
542 1711 797 1791 interpunctione,
828 1731 897 1769 cum
920 1730 936 1769 e
960 1710 1067 1769 ceteris
1096 1709 1230 1769 hiatibus
1253 1710 1391 1772 omnibus
1414 1721 1475 1771 tres

124 1822 242 1879 tantum
282 1815 526 1895 interpunctione
563 1817 624 1875 sint
662 1817 806 1894 insignes,
842 1836 969 1895 quorum
1001 1815 1061 1875 duo
1094 1814 1136 1898 (V
1171 1819 1242 1891 116,
1275 1817 1386 1875 XXIV
1419 1814 1473 1899 92)

125 1920 318 2000 reperiuntur
349 1923 380 1981 in
413 1924 473 1981 arsi
508 1900 613 1996 altera,
647 1942 724 1981 unus
758 1920 803 2005 (H
829 1918 904 2003 158)
938 1921 971 1979 in
1002 1922 1063 1980 arsi
1091 1928 1208 1999 quarta.
1232 1921 1265 1980 in
1288 1920 1374 2000 pedis
1397 1922 1475 1980 sexti

125 2029 184 2085 arsi
217 2048 366 2107 nusquam
397 2025 479 2109 apud
502 2028 699 2088 Theocritum
731 2026 842 2105 longae
873 2024 1012 2105 syllabae
1038 2026 1071 2084 in
1092 2025 1181 2084 hiatu
1203 2028 1322 2105 positae
1343 2028 1391 2086 vis
1414 2046 1473 2085 ser-

126 2141 224 2192 vatur.
250 2153 287 2194 ea
310 2142 410 2194 autem
433 2153 481 2193 res
504 2154 565 2193 non
589 2154 655 2193 cum
670 2128 969 2214 Kruegermannoll,
993 2132 1046 2210 qui
1062 2130 1236 2191 Hoffmanni
1259 2133 1396 2210 vestigiis
1417 2132 1474 2190 hac

124 2240 156 2297 in
189 2258 280 2297 causa
307 2238 428 2312 insistit,
461 2240 503 2297 ita
538 2236 720 2317 explicanda
752 2256 817 2296 esse
849 2236 979 2309 videtur,
1013 2238 1097 2316 quasi
1125 2245 1249 2315 propter
1271 2236 1474 2295 infirmitatem

126 2342 215 2402 huius
247 2344 321 2403 arsis
352 2342 453 2403 hiatus
485 2344 515 2402 in
548 2364 585 2402 ea
617 2343 690 2402 ferri
721 2350 868 2421 nequeat3
897 2361 1001 2401 verum
1025 2351 1059 2401 ut
1086 2340 1170 2425 apud
1192 2339 1403 2425 Homerum³)‚
1433 2345 1476 2401 ita

127 2448 219 2507 etiam
243 2448 273 2507 iu
297 2449 454 2508 Theocriti
478 2448 661 2508 carminibus
684 2468 777 2508 causa
800 2449 865 2507 eius
887 2448 932 2506 rei
955 2466 994 2505 ex
1020 2447 1088 2525 ipsa
1110 2447 1237 2521 ratione,
1267 2466 1328 2525 qua
1354 2466 1475 2507 versum

126 2556 280 2613 heroicum
313 2554 401 2613 finire
433 2554 551 2615 solebat
584 2563 684 2635 poeta,
708 2551 876 2633 repetenda
900 2561 955 2612 est.
979 2552 1058 2611 inter
1081 2571 1184 2610 omnes
1213 2553 1294 2611 euIm
1317 2552 1475 2612 Theocriti

125 2661 318 2720 hexametros
340 2660 463 2721 LXVII
486 2660 574 2720 modo
607 2661 638 2719 in
661 2660 785 2719 voculas
809 2660 894 2717 exire
917 2656 1142 2735 monosyllabas
1165 2678 1235 2736 pag.
1262 2660 1301 2716 35
1326 2656 1471 2731 vidimus3

125 2776 217 2845 atquc
250 2784 289 2824 ex
321 2766 368 2825 his
397 2764 532 2826 versibus
561 2764 675 2824 habent
697 2764 755 2823 XL
778 2764 934 2822 encliticas
958 2759 1023 2844 (vel
1046 2761 1169 2822 voculas
1192 2763 1262 2843 μέν,
1286 2763 1333 2841 ria',
1355 2760 1431 2848 γάρ)
1455 2785 1473 2822 a

126 2871 266 2930 consonis
289 2871 470 2949 incipientes
495 2873 526 2929 in
550 2871 634 2928 exitu
657 2870 780 2949 positas,
797 2869 860 2926 XX
877 2866 1067 2950 substantiva
1084 2864 1183 2949 (velut
1200 2870 1275 2945 Zao,
1291 2877 1367 2949 ario,
1383 2878 1476 2946 ναῦς,

124 2977 205 3057 χείρ)
236 2980 306 3056 γᾶς,
337 2976 428 3057 βοῦς,
458 2971 530 3056 νύξ)
555 2984 606 3033 aut
628 2974 687 3032 alia
710 2972 861 3031 vocabula
883 2970 982 3056 (velut
1003 2971 1062 3048 δεῖ,
1085 2972 1155 3056 χρή,
1178 2980 1252 3048 νῦν,
1280 2973 1358 3052 πρίν
1380 2971 1473 3054 cett),

125 3100 203 3160 quae
227 3080 335 3140 eodem
357 3079 446 3139 modo
471 3081 589 3139 initium
613 3080 745 3158 capiunt,
779 3081 823 3138 ita
846 3078 978 3156 quidem,
1007 3086 1041 3137 ut
1064 3078 1095 3136 in
1119 3078 1295 3137 universum
1323 3097 1383 3135 non
1407 3077 1475 3155 plus

124 3196 242 3265 septem
264 3185 442 3246 hexametri.
456 3186 575 3245 voculis
598 3184 827 3263 monosyllabis,
852 3204 978 3263 quarum
1002 3184 1032 3242 in
1062 3183 1149 3242 initio
1171 3181 1315 3260 leguntur
1341 3181 1472 3254 vocales,

123 3291 278 3352 finiantur.

212 3397 302 3455 Ratio
334 3416 416 3470 vero,
450 3415 510 3474 qua
533 3394 623 3474 ¹apud
646 3396 843 3455 Theocritum
876 3394 976 3453 hiatus
999 3395 1079 3453 inter
1101 3412 1183 3452 arses
1209 3391 1300 3451 I—V
1333 3391 1473 3452 distribu-

124 3510 225 3575 untur,
260 3522 359 3581 neque
395 3521 462 3561 cum
493 3521 548 3561 usu
572 3501 734 3562 Homerico
758 3502 897 3579 congruit
920 3519 1020 3577 neque
1043 3518 1110 3556 cum
1133 3498 1260 3574 ratione,
1290 3517 1369 3577 quae
1393 3498 1473 3579 apud

77 3588 82 3592 ’
124 3607 323 3686 Apollonium
355 3608 386 3666 in
415 3607 519 3667 eadem
551 3602 583 3666 re
615 3606 801 3667 observatur.
825 3606 857 3663 in
881 3605 1008 3663 Homeri
1033 3604 1113 3663 enim
1137 3602 1318 3662 carminibus
1345 3604 1475 3683 primum

123 3714 225 3770 locum
248 3711 306 3771 hac
329 3714 360 3771 in
382 3732 416 3771 re
439 3713 556 3773 obtinet
579 3714 652 3771 arsis
677 3715 777 3784 tertia,
803 3712 851 3770 oui
874 3711 931 3769 soli
955 3729 972 3768 e
995 3707 1111 3767 duobus
1127 3708 1249 3767 milibus
1265 3708 1474 3787 exemplorum

123 3815 238 3876 DOOV
268 3814 299 3909 (i.
324 3837 350 3877 e.
374 3818 442 3896 plus
466 3818 554 3876 tertia
577 3815 660 3900 pars)
684 3814 885 3876 adtribuenda
909 3822 987 3887 sunt,
1012 3834 1079 3871 cum
1102 3813 1276 3892 paucissimi
1300 3811 1401 3871 hiatus
1424 3833 1475 3872 ex·

124 3931 190 3981 tent
221 3923 252 3980 in
286 3922 401 3982 arsibus
433 3923 530 4001 prima
562 3931 592 3981 et
624 3923 730 4001 quinta
764 3918 890 4004 (00Χο
920 3921 951 3978 in
980 3918 1045 3993 hac,
1081 3918 1245 3978 CLXXIX
1269 3918 1301 3976 in
1325 3914 1402 3999 illa).
1444 3918 1475 3974 in

124 4028 340 4107 Argonauticis
372 4037 472 4087 autem
505 4027 663 4109 Apollonii
695 4027 817 4106 plurimi
850 4026 1042 4106 reperiuntur
1072 4024 1172 4083 hiatus
1204 4025 1233 4082 in
1266 4042 1371 4082 versus
1403 4020 1475 4081 sede

126 4144 235 4217 quarta
265 4133 384 4219 (OXIX
421 4137 499 4195 inter
536 4132 706 4194 OOOOXH
743 4129 906 4214 exempla),
946 4133 994 4191 cui
1035 4132 1174 4210 proxime
1221 4128 1338 4188 accedit
1381 4128 1476 4186 altera

213 4382 232 4447 1)
252 4381 292 4432 ur.
309 4380 400 4431 aaron
418 4380 482 4430 ‘uer
499 4378 596 4430 matus
614 4380 658 4431 su
675 4376 798 4445 Aponon.
819 4375 913 4428 anor:
931 4376 1039 4426 wana
1058 4374 1132 4426 erus.
1150 4374 1191 4424 111
1209 4377 1255 4425 sa.
1313 4344 1316 4349 ’

212 4468 459 4535 bOEhuph

213 4556 234 4627 ³)
253 4555 292 4606 cf.
311 4556 460 4608 Hartelium
478 4554 495 4606 l.
515 4572 536 4605 c.
555 4555 633 4605 1124
653 4571 708 4620 sqq.
