3300 5059
158 210 219 270 122

155 402 290 474 fecimus,
314 401 514 460 conformatus
531 420 596 461 essa
611 400 742 477 videtur;
768 410 901 461 ceterum
924 402 962 462 ef.
985 401 1078 464 Hom.
1101 402 1131 462 P
1153 402 1190 461 16
1214 409 1258 486 api
1280 422 1319 483 με
1343 399 1380 463 ἔα
1400 398 1495 484 (11),

162 510 192 569 Τ
213 509 274 567 194
299 506 389 589 δῶρα
411 504 488 588 ἐμῆς
512 502 541 589 (Ι
566 502 598 589 1)
623 506 675 565 all.

242 614 280 671 In
309 612 417 673 ceteris
448 630 553 671 vorsus
584 611 658 671 locis
687 611 885 670 inveniuntur
911 610 1048 670 hiatuum
1077 612 1217 692 exempla
1246 620 1398 691 quattuor,
1428 630 1507 688 quae

23 740 26 777 1
156 717 258 796 qualia
273 717 341 789 sint,
360 724 393 774 ut
407 715 574 790 videamus,
591 718 740 797 reliquum
758 724 812 776 cst.
830 725 900 776 sunt
919 714 1040 794 quidem
1056 716 1144 776 haee:
1167 717 1247 777 VIII
1270 720 1309 776 14
1330 716 1510 798 ἰσομάτορα

28 836 36 871 7
155 820 260 903 ἀμνόν
288 820 329 905 (V
358 817 401 903 2),
431 823 469 879 15
492 824 585 902 15551
608 841 693 885 ποκα
721 820 826 903 ἀμνόν
849 818 896 903 (ΙΙ
920 817 962 902 1),
990 821 1071 880 XVI
1093 825 1111 880 2
1135 821 1211 884 κλέα
1240 821 1371 904 ἀνδρῶν
1395 818 1436 903 (V
1459 819 1509 904 2);

22 922 32 975 ὲ
155 926 186 983 15
210 945 252 987 ec.
278 924 348 986 dub.
372 925 489 985 XXIII
513 928 530 985 3
556 924 633 987 οὐδὲ
656 924 692 988 ἕν
716 924 775 1007 (IV
793 923 835 1007 1).
858 925 973 984 hiatum
990 946 1063 985 vero
1086 926 1162 989 κλέα
1184 925 1316 1008 ἀνδρῶν
1338 926 1509 985 imitatione

11 1080 50 1113 „„
156 1015 292 1104 Homeri,
317 1029 398 1109 apud
415 1049 505 1108 quem
520 1031 641 1110 saepius
663 1030 833 1089 hexametri
856 1031 887 1089 in
910 1029 986 1089 1555
1002 1030 1097 1091 verba
1118 1031 1231 1091 babent
1254 1032 1368 1091 exitum
1385 1029 1416 1113 (Ι
1434 1033 1507 1109 189,

156 1138 229 1210 594,
257 1138 283 1196 θ
306 1131 371 1217 73),
396 1134 607 1215 explicandum
624 1155 688 1194 esse
704 1136 897 1215 perspicuum
918 1144 972 1196 551.
998 1144 1088 1215 atque
1110 1137 1145 1211 is,
1170 1137 1221 1214 qui
1244 1155 1365 1223 carmen
1380 1136 1508 1194 XXIII.

6 1286 18 1331 5,
156 1240 331 1319 composuit,
355 1241 386 1297 in
410 1260 439 1298 v.
465 1242 483 1298 3
507 1240 621 1299 hiatum
643 1239 764 1300 admisit
780 1240 949 1299 Atticorum
971 1242 1032 1300 ritu
1056 1238 1106 1323 (51.
1124 1240 1279 1321 Aristoph.
1302 1239 1376 1320 Lys.
1407 1240 1507 1315 10443

6 1332 40 1415 ijs,
155 1345 236 1404 Plut.
264 1346 314 1417 37,
341 1346 411 1418 138,
439 1346 509 1417 115,
538 1346 636 1419 11823
663 1345 741 1405 Rau.
767 1341 854 1427 927),
883 1364 944 1423 qua
971 1346 1003 1406 15
1030 1365 1063 1406 re
1092 1344 1318 1405 memorandum
1346 1353 1392 1404 est
1413 1344 1509 1405 verba

16 1488 39 1517 n
157 1448 234 1511 οὐδὲ
258 1446 294 1511 ἔν
319 1450 405 1529 quasi
431 1450 463 1507 in
485 1469 578 1507 uuum
608 1450 786 1510 coalescere.
820 1450 963 1509 maiorem
991 1458 1094 1510 autem
1120 1449 1267 1530 praebent
1293 1448 1505 1509 difficultatem

6 1552 45 1645 bf*
154 1553 266 1627 hiatus,
289 1555 341 1632 qui
362 1554 467 1613 insunt
487 1552 518 1613 iu
534 1553 671 1613 versibus
690 1554 770 1613 intur
785 1574 817 1613 55
833 1554 1054 1635 excipientibus
1074 1554 1155 1615 VIII
1174 1558 1212 1613 14
1229 1562 1260 1614 et
1282 1555 1332 1613 15.
1357 1555 1508 1614 rationem

156 1660 244 1730 euim,
277 1679 335 1738 qua
358 1656 501 1740 Iacobs1)
535 1677 586 1719 eos
623 1678 768 1719 excusare
800 1658 914 1719 studuit
941 1660 1088 1720 vocabulo
1116 1660 1218 1742 ἀμνός
1254 1658 1407 1738 digamma
1437 1660 1504 1720 vin·

156 1762 267 1835 dicans,
296 1763 378 1823 baud
402 1765 561 1843 quisquam
576 1764 659 1823 11555
685 1764 871 1844 temporibus
893 1764 1077 1848 probabit2).
1100 1767 1203 1843 itaque
1225 1764 1412 1844 asperitates,
1430 1785 1504 1843 quas

156 1868 287 1941 exhibet,
304 1868 329 1927 51
346 1888 409 1928 rem
425 1871 578 1928 metricam
591 1877 769 1948 spectamus,
787 1890 876 1933 carm.
893 1870 994 1944 VIII,
1012 1868 1144 1928 hiatibus
1167 1870 1227 1929 illis
1250 1868 1331 1928 baud
1350 1868 1506 1929 mediocri·

157 1981 204 2030 ter
227 1980 389 2049 augentur.

245 2144 263 2210 ¹)
283 2144 322 2196 Cf.
343 2146 545 2195 Wnestemanni
564 2162 658 2197 comm.
678 2163 702 2212 p.
725 2148 782 2197 136.

243 2228 263 2294 ²)
283 2231 323 2283 cf.
343 2230 374 2281 G.
390 2231 474 2282 Curtii
493 2232 617 2285 ι(155515.
637 2234 683 2284 der
702 2232 801 2295 griech.
820 2234 930 2299 Etym.⁵'
949 2251 975 2299 p.
993 2236 1053 2284 590.
