3300 5059
165 240 227 298 214

162 430 193 488 in
218 430 394 489 universum
422 426 502 487 hanc
523 447 630 487 vocem
654 429 686 487 in
709 426 872 507 tragoediis
895 425 1107 507 superstitibus
1132 436 1239 507 quater
1263 435 1293 487 et
1318 429 1520 511 quadragiens

166 534 283 614 reperis
316 529 453 616 (deciens
485 534 516 592 in
549 533 701 607 trimetris,
735 541 843 612 quater
873 534 904 591 in
936 530 1073 591 versibus
1104 534 1314 614 anapaesticis,
1350 545 1458 616 quater
1489 539 1520 596 in

164 636 302 697 versibus
332 634 540 720 dochmiacis).
571 639 602 697 in
634 637 773 697 versibus
804 639 898 715 igitur
929 636 1114 717 logaoedicis
1137 672 1179 685 --
1202 639 1254 698 ubi
1285 641 1467 721 quinquiens
1490 652 1520 701 et

163 742 278 802 viciens
300 741 376 801 haec
400 762 460 802 vox
484 741 605 803 obviam
627 744 660 802 fit
677 742 855 803 -tribus
877 743 928 802 vel
953 741 1096 803 duobus
1119 751 1236 803 tantum
1252 744 1341 805 modo
1363 746 1438 806 locis
1461 748 1520 829 ἄτη

167 848 225 908 arsi
248 849 382 908 ternaria
404 868 464 907 non
486 848 665 908 intenditur:

251 952 335 1013 Pers.
361 954 423 1013 655
448 952 607 1036 οὔτεγὰρ
630 952 752 1035 ἄνδρας
774 956 844 1015 ποτ’
867 954 997 1016 ἀπώλλυ
1020 1008 1042 1015 -
1063 992 1093 1013 w
1120 987 1144 1014 a
1160 1007 1184 1015 -
1206 992 1236 1014 w
1262 988 1286 1016 ι.
1303 1006 1326 1016 -

246 1053 248 1056 ’
446 1057 750 1141 πολεμοφθόροισιν
772 1060 864 1133 ἄταις

165 1186 237 1224 num
267 1162 463 1245 producenda
493 1163 532 1222 sit
559 1162 633 1221 arsis
658 1163 855 1242 paenultima,
885 1183 945 1223 non
967 1183 1022 1243 pro
1046 1171 1126 1223 certo
1150 1162 1292 1239 dixerim3
1326 1164 1432 1245 Suppl.
1460 1168 1521 1226 170

165 1276 274 1334 κοννῶ
298 1269 327 1332 δ’
343 1271 424 1331 ἄταν
448 1265 514 1352 (sed
536 1270 569 1327 in
590 1268 621 1327 h.
637 1289 667 1327 v.
685 1268 848 1329 Wecklein
871 1267 1103 1347 cBambergeri
1126 1269 1298 1329 coniectura
1315 1271 1434 1351 scripsit
1450 1272 1519 1334 κδ’

169 1371 276 1457 ἄγαν).
293 1360 443 1439 choses
460 1374 595 1457 φοινίαν
617 1376 699 1437 ἄταν
713 1374 818 1450 τιθείς
834 1371 931 1458 (ἄγαν
947 1372 983 1435 Ο.
998 1373 1134 1450 Mueller,
1158 1372 1243 1457 δίναν
1257 1374 1373 1451 Herm,
1392 1377 1522 1459 σφαγάν

169 1480 284 1559 Enger,
318 1480 370 1540 ulii
402 1476 486 1563 alia).
520 1500 598 1561 quae
625 1482 650 1540 si
678 1489 811 1562 reputas,
844 1480 978 1539 calculus
1001 1480 1133 1562 quodam
1155 1479 1244 1541 modo
1267 1479 1397 1540 adicitur
1419 1482 1520 1542 Blom·

170 1586 265 1645 fieldii
293 1586 483 1647 coniecturae
510 1587 666 1667 speciosae
692 1586 731 1647 ad
753 1590 811 1666 Ag.
835 1608 865 1646 v.
892 1586 974 1646 1565
1002 1587 1176 1668 propositae
1210 1586 1398 1669 κεκόλληται
1428 1586 1524 1669 γένος

166 1690 249 1774 πρὸς
270 1694 344 1777 &w
360 1688 549 1775 (προσάψαι
566 1689 950 1775 Μ.)υιαι...·.ν..υυ--,

170 1826 173 1829 ·
252 1796 340 1859 Idem
372 1798 438 1859 lere
465 1798 555 1857 statui
583 1805 684 1878 potest
707 1797 744 1857 de
768 1796 909 1858 vocabuli
932 1797 1021 1857 huius
1045 1818 1101 1857 usu
1125 1796 1343 1877 Sophocleo.
1377 1796 1522 1857 disemrm

167 1903 250 1981 prior
282 1899 403 1981 syllaba
433 1901 542 1981 recipit
574 1902 664 1960 arsim
698 1900 748 1962 Αἰ.
776 1904 836 1961 196
871 1910 901 1961 st
938 1900 975 1964 Ο.
1007 1901 1045 1961 R.
1081 1904 1142 1963 165
1184 1897 1229 1984 (in
1266 1922 1317 1961 vv.
1350 1898 1523 1985 dactylicis)

167 2007 323 2086 tribusque
339 2007 408 2068 aliis
424 2007 609 2067 canticorum
626 2006 710 2081 locis,
734 2005 787 2066 ubi
802 2006 942 2087 syllabae
958 2008 989 2066 in
1006 2007 1158 2067 triscmam
1174 2006 1389 2087 producendae
1404 2007 1523 2068 nullum

166 2120 211 2171 cst
233 2110 390 2171 indicium:
417 2112 468 2173 El.
494 2112 567 2185 215,
601 2110 639 2170 0.
663 2108 698 2171 O.
723 2111 798 2186 532,
831 2110 903 2175 Ant.
928 2114 1002 2174 862.
1034 2110 1082 2171 his
1114 2110 1236 2192 quidem
1268 2113 1404 2192 exceptis
1436 2112 1520 2187 locis,
1638 2092 1639 2115 ³

172 2219 279 2276 ceteris
302 2215 457 2291 tredecim,
494 2215 604 2298 quibus
635 2215 695 2276 hoc
717 2215 898 2276 vocabulum
925 2217 956 2277 in
980 2215 1072 2296 Soph.
1096 2217 1220 2277 canticis
1252 2216 1364 2297 legitur
1387 2252 1428 2263 —
1451 2239 1521 2278 ana·

166 2328 287 2401 paestos
303 2322 438 2383 consulto
455 2320 569 2383 exclusi
579 2357 613 2367 -
625 2322 714 2382 trium
728 2342 879 2382 morarum
900 2320 1059 2401 longitudo
1075 2320 1210 2401 rhythmi
1225 2320 1343 2402 legibus
1360 2322 1520 2383 statuenda

167 2424 296 2487 videtur.
892 2425 894 2430 ’
1094 2505 1095 2510 ¹

253 2531 302 2589 Αἱ.
410 2532 472 2591 642
552 2531 669 2606 παιδὸς
690 2531 860 2614 δύσφορον
883 2534 987 2594 ἄ-ταν.
1015 2533 1096 2592 1189
1111 2532 1248 2614 μόχθων
1271 2535 1367 2595 ἄ-ταν
1389 2532 1521 2616 ἐπαίνων

250 2634 299 2693 Ill.
408 2638 471 2696 224
550 2637 695 2711 ταί-τας·
717 2638 818 2711 ἄ-τας.
844 2638 906 2698 235
929 2636 972 2718 μὴ
994 2635 1114 2701 τίκτειν
1137 2640 1164 2699 α’
1180 2639 1263 2700 ἄταν
1284 2640 1390 2713 ιλ-ταις
1401 2634 1424 2720 ¹)

254 2736 292 2799 0.
315 2741 352 2800 R.
387 2741 469 2803 1205
550 2742 599 2816 τίς
621 2739 657 2804 ἐν
679 2740 805 2819 πόνοις,
827 2742 877 2816 τίς
897 2743 1014 2817 ἄ-ταις-
1038 2741 1165 2825 ἀγρίαις

254 2842 292 2905 Ο.
316 2843 350 2910 0.
405 2847 468 2907 202
550 2847 633 2928 ὤμοι
655 2846 845 2929 δύσφρονος
867 2850 959 2922 ἄ-τας

407 2951 469 3010 525
490 2969 534 3029 sq.
551 2956 634 3036 κακᾷ
648 2952 680 3032 μ’
691 2949 772 3034 εὐνᾷ
792 2952 885 3027 πόλις
908 2949 1007 3015 οὐδὲν
1029 2950 1130 3034 ί-δριν
1150 2952 1265 3033 γάμων
1280 2950 1432 3035 ἐνέδησεν
1448 2956 1522 3038 ἄ-τςι
1561 2954 1566 2963 ’

387 3056 471 3114 1244
491 3076 535 3134 sq.
553 3054 658 3117 δειναὶ
686 3066 913 3139 κυματοα-μεϊς
933 3053 936 3141 l
958 3051 1046 3118 ιλ-ται
1070 3056 1261 3120 κλονέουσιν
1285 3056 1335 3121 ἀεὶ
1358 3054 1526 3133 ξυνοῦ-σαι

252 3157 326 3218 Ant.
408 3160 471 3219 584
553 3158 602 3235 οἷς
624 3160 687 3244 γὰρ
710 3159 752 3223 ἂν
775 3164 891 3243 σεισθῇ
913 3160 1037 3223 θεόθεν
1060 3160 1170 3242 δόμος,
1194 3164 1286 3237 ἄ-τας

410 3265 472 3323 624
492 3284 537 3344 sq.
553 3264 633 3340 θεὸς
655 3267 726 3346 ἄγει
749 3264 832 3347 πρὸς
853 3266 950 3326 ἅπαν

551 3370 689 3452 πράσσει
711 3368 738 3430 δ’
756 3366 938 3449 ὀλιγοστὸν
960 3369 1082 3451 χρόνον
1106 3366 1197 3446 ἐκτὸς
1219 3372 1313 3447 ἄ-τας

254 3471 366 3532 Trach.
407 3473 468 3533 851
550 3474 605 3536 καὶ
625 3476 780 3556 μεγάλαν·
804 3475 899 3535 ἄ-ταν

252 3575 332 3635 Phil.
400 3578 463 3639 705
545 3577 628 3640 δνί’
651 3574 789 3658 ἐξανείη
813 3576 1001 3660 δακὲθνμος
1023 3580 1105 3641 ἄ-τα.

255 3699 330 3761 Arte
354 3709 482 3782 cognata
504 3710 574 3761 sunt
596 3701 671 3761 locis
686 3699 790 3779 paullo
807 3709 878 3760 ante
894 3701 1059 3762 inlustratis
1077 3690 1112 3761 ea
1126 3702 1301 3781 prolixioris
1315 3703 1517 3783 longitudinis

167 3806 318 3887 exempla,
343 3806 395 3866 ubi
419 3806 525 3866 chorus
542 3826 574 3866 se
590 3808 619 3865 in
638 3826 756 3865 omnem
773 3805 930 3866 effundens
950 3807 1066 3868 luctum
1082 3806 1155 3873 deos
1169 3809 1299 3882 invocat,
1324 3817 1358 3869 ut
1373 3810 1521 3870 auxilium

163 3912 271 3971 ierant

254 4173 273 4239 ¹)
309 4173 387 4224 Haec
421 4172 565 4224 verborum
604 4190 731 4224 mensura
773 4212 797 4219 -
816 4190 987 4221 -·.---m
1009 4212 1035 4220 -
1072 4191 1103 4225 eo
1138 4175 1339 4228 commendatur
1372 4190 1438 4241 prae
1472 4176 1521 4227 illa

164 4276 191 4306 .’.
204 4298 230 4307 -
243 4296 269 4306 ..
283 4298 309 4306 -
322 4274 349 4305 .·.
364 4298 387 4308 -
402 4298 436 4324 -,
465 4261 529 4326 qnia
547 4261 574 4309 in
593 4262 681 4327 priore
700 4267 727 4312 st
744 4263 773 4311 in
791 4262 844 4313 hoo
861 4278 941 4313 versu
960 4268 986 4312 et
1003 4263 1031 4311 in
1050 4264 1097 4323 sis,
1117 4263 1162 4329 qui
1179 4262 1355 4328 praecedunt,
1373 4259 1520 4314 verborum

173 4354 300 4399 accentus
319 4364 380 4399 cnm
400 4350 511 4400 metrico
531 4351 653 4399 concinit
670 4348 862 4415 pulcherrime:

510 4450 565 4502 ἀλλ’
583 4445 634 4504 οὖν
651 4451 744 4520 εὐνοίᾳ
761 4453 784 4519 γ’
797 4452 875 4504 αὐδῶ
895 4494 919 4499 -
973 4494 996 4500 -
1012 4493 1036 4500 -
1051 4493 1075 4499 -
1089 4472 1119 4499 m
1139 4492 1161 4501 -

510 4538 599 4608 μάτηρ
619 4539 685 4593 ὡσεί
701 4559 742 4601 τις
758 4538 841 4592 πιστὰ
895 4581 919 4589 -
934 4558 960 4587 m
974 4582 999 4589 -
1013 4582 1036 4588 -
1052 4581 1077 4589 -
1092 4560 1121 4589 ω
1135 4582 1159 4589 -
