3300 5059
1363 299 1366 303 ·
1417 279 1478 337 277

127 473 209 525 certe
232 464 407 545 Eurypylus
420 419 483 523 ubio
507 463 637 545 quidem.
672 464 824 525 bominem
852 467 1031 525 exercitum!
1065 466 1117 526 ubi
1147 477 1262 530 tautum
1285 470 1383 529 luctus
1404 490 1479 530 oon·

127 568 269 644 tinuatur,
293 569 364 629 vide
387 590 478 649 quarn
506 591 566 630 non
588 570 730 631 flebiliter
762 570 955 651 respondeat,
987 577 1199 654 rationemque
1231 576 1321 636 etiarn
1353 575 1479 649 adierat,

126 694 179 733 cur
201 694 298 755 aequo
322 675 421 735 animo
445 675 502 736 sibi
524 675 683 737 ferendum
705 677 761 736 sit:

178 794 264 861 (Eur.)
845 799 892 865 qui
911 796 985 849 cilteri
1006 797 1117 858 exitium
1136 805 1223 866 parat,

285 898 346 933 eum
365 882 434 934 scire
453 889 560 951 oportet
577 882 629 935 sibi
648 889 780 950 paratum,
798 884 901 951 pestem
919 891 949 936 ut
965 885 1112 953 participet
1129 902 1230 953 parem.

125 988 255 1049 abducet
276 989 452 1065 Patricoles,
480 992 578 1067 oredo,
607 1001 641 1052 ut
664 993 800 1054 conlocet
827 982 985 1066 innubili,
1015 1004 1048 1055 ut
1071 995 1179 1055 volnus
1203 994 1326 1077 obliget.
1356 1000 1382 1057 si
1412 1000 1478 1079 qui·

124 1092 194 1154 dem
216 1093 305 1155 homo
329 1104 416 1171 esset,
441 1097 492 1157 sed
516 1098 592 1157 nihil
615 1097 809 1162 vidiminus.
835 1100 954 1180 quaerit
978 1100 1058 1160 enim
1082 1100 1155 1181 quid
1178 1110 1277 1161 actum
1300 1104 1350 1163 sit:

298 1234 392 1298 (Patr.)
412 1234 546 1301 eliquers,
565 1236 700 1302 eloquere,
718 1235 762 1288 ris
779 1238 910 1303 Argiuum
929 1235 1030 1305 proilio
1049 1243 1080 1288 ut
1098 1246 1127 1289 ss'
1145 1237 1265 1290 stistinet.

300 1319 388 1388 (Eur.)
407 1338 461 1371 non
480 1322 549 1388 pdtis
567 1324 651 1374 ecfari
669 1322 774 1375 tantum
793 1324 879 1388 dictis,
899 1322 1028 1391 quintum
1046 1326 1124 1377 iactis
1142 1325 1259 1393 suppetit

400 1409 502 1461 laboris
521 1409 585 1475 (inc.
603 1410 622 1463 f.
641 1411 676 1477 2).

126 1515 252 1594 quiesce
279 1515 371 1595 igitur
403 1525 433 1575 et
463 1518 573 1577 volnus
597 1518 714 1597 adligo!
748 1520 839 1578 etiam
870 1520 895 1578 si
926 1518 1105 1599 Eurypylus
1139 1528 1249 1599 posset,
1281 1541 1341 1581 non
1374 1532 1477 1603 posset

129 1624 286 1700 Aesopus?
308 1643 410 1682 nonne
432 1622 481 1682 bio
504 1622 610 1683 Cicero
632 1625 675 1683 ita
698 1623 842 1704 loquitur,
865 1633 900 1683 ut
922 1624 1141 1704 propemodum
1165 1633 1235 1685 ante
1259 1624 1360 1685 oculos
1389 1626 1477 1687 nobis

123 1735 253 1805 ponatur
272 1728 371 1787 totius
398 1747 529 1788 scaenae
562 1727 684 1807 imago?
719 1738 812 1810 atque
844 1728 906 1807 egit
939 1727 1078 1810 Aesopus
1100 1737 1204 1809 partes
1231 1749 1310 1803 suas,
1337 1728 1369 1788 id
1397 1731 1476 1811 quod

126 1850 143 1889 e
167 1830 320 1891 Ciceronis
341 1832 442 1892 verbis
466 1832 644 1912 intellegere
666 1852 834 1911 possumus,
870 1828 932 1892 tam
954 1834 1095 1913 perfecte,
1130 1842 1164 1893 ut
1186 1853 1300 1893 summa
1333 1834 1478 1896 adiecerit

125 1930 375 1996 Ciceronemsui
398 1936 606 1997 admiratione.
630 1945 699 1995 nam
729 1957 874 2017 comper
902 1957 934 1996 se
955 1957 1064 1998 scaena
1088 1937 1149 2010 illa,
1175 1934 1225 1997 ubi
1249 1939 1354 2011 virtue,
1378 1950 1412 2000 ut
1434 1941 1476 2000 ita

123 2038 231 2114 dicam,
258 2060 331 2101 vere
353 2042 490 2101 Romana
517 2041 694 2116 illustratur,
720 2042 772 2102 vel
794 2044 926 2101 maxime
949 2041 1087 2116 delectat,
1112 2051 1175 2102 tum
1199 2042 1358 2103 delectatio
1383 2045 1474 2105 etiam

121 2142 298 2221 augebatur,
322 2146 347 2205 si
367 2146 521 2227 Eurypyli
543 2156 646 2227 partes
668 2146 705 2206 ab
730 2147 874 2207 histrione
896 2146 1072 2229 agebantur,
1097 2147 1150 2231 qui
1171 2147 1378 2209 fortitudinem
1393 2149 1477 2209 illam

55 2318 57 2322 .
122 2246 222 2308 herois
244 2250 337 2309 saucii
354 2259 385 2309 at
406 2251 548 2311 virtutem
572 2260 658 2333 gestu
681 2271 818 2330 voceque
841 2251 880 2311 ad
903 2253 1062 2313 veritatem
1091 2252 1247 2331 expressit.
1282 2252 1355 2332 quid
1384 2253 1477 2332 igitur

121 2355 240 2428 mirum,
263 2355 288 2413 si
311 2354 417 2416 Cicero
439 2356 519 2417 buno
540 2357 728 2438 potissimum
751 2357 849 2417 locum
871 2357 1015 2417 memoria
1036 2357 1143 2429 tenuit,
1167 2358 1219 2436 qui
1243 2358 1334 2417 etiam
1350 2356 1402 2417 Or.
1419 2360 1473 2433 46,

10 2536 11 2546 ¹
124 2461 186 2521 155
210 2461 241 2521 in
264 2469 365 2520 mente
388 2462 417 2520 ei
439 2471 575 2522 versatus
598 2462 663 2523 est?
687 2461 854 2542 eodemque
876 2469 999 2522 revocat
1021 2460 1176 2521 audientes
1194 2457 1236 2519 'in
1259 2462 1395 2521 oratione
1419 2483 1473 2542 pro

121 2565 210 2651 Reae.
235 2564 304 2625 Am.
328 2565 433 2625 habita
455 2569 510 2640 32,
532 2569 583 2641 90,
607 2566 659 2626 ubi
682 2567 719 2626 de
735 2567 828 2627 caede
851 2568 959 2625 civium
982 2586 1001 2624 a
1020 2564 1106 2625 Sulla
1127 2566 1361 2645 proscriptorum
1377 2566 1474 2647 loqui-

10 2677 11 2684 ’
121 2678 184 2728 tur:
209 2670 338 2729 ‘multos'
369 2671 469 2750 inquit
492 2676 605 2734 ‘caesos
632 2691 690 2731 non
722 2670 761 2731 ad
784 2672 1005 2731 Trasumenum
1032 2669 1140 2745 lacum,
1164 2668 1217 2728 aed
1247 2669 1285 2729 ad
1313 2671 1473 2731 Servilium

120 2772 273 2833 vidimus!
296 2784 360 2834 tum
383 2773 477 2834 verba
504 2776 557 2835 illa
580 2785 756 2855 sequuntur,
781 2776 889 2856 quibus
914 2775 1030 2845 Ulixes,
1055 2793 1122 2834 curn
1146 2773 1305 2835 Protesilai
1328 2795 1406 2835 nave
1428 2776 1473 2835 in-

124 2899 214 2939 censa
237 2900 289 2939 cur
311 2880 430 2959 fugeret
453 2879 490 2940 ab
514 2880 611 2941 Aiace
633 2880 683 2940 vel
705 2880 827 2941 Achille
851 2887 929 2942 esset
950 2880 1162 2958 interrogatus,
1185 2878 1354 2961 respoudit:

364 2998 433 3067 ‘quis
451 3002 490 3052 ibi
509 3018 563 3051 non
582 3006 622 3052 est
640 2999 797 3053 uulneratus
815 2999 885 3052 sdrro
906 3002 1024 3065 Frugio?
1043 3000 1105 3068 (inc.
1124 3000 1143 3050 f.
1162 3000 1219 3065 1).¹)

226 3109 368 3189 Denique
392 3109 550 3169 dicendum
573 3118 618 3169 est
641 3108 679 3168 de
700 3109 874 3190 Melanippa
895 3117 925 3169 et
947 3108 1053 3168 Aiace.
1077 3116 1168 3187 atque
1194 3127 1233 3168 ex
1256 3106 1472 3189 Melanippa

122 3210 226 3293 (Ribb.
255 3213 348 3293 Trag.
372 3214 459 3274 Rom.
487 3216 523 3280 fr.
547 3237 576 3294 p.
602 3217 640 3273 51
677 3235 734 3294 sq.,
772 3216 879 3274 Roern.
903 3215 996 3291 Trag.
1020 3235 1051 3294 p.
1078 3214 1138 3272 176
1167 3208 1258 3295 sqq),
1292 3233 1474 3295 quamquam

127 3316 281 3377 Ciceronis
304 3327 404 3379 aetate
427 3320 574 3399 agebatur
597 3319 647 3399 (de
670 3320 819 3392 off.131,
846 3314 930 3401 114),
956 3338 994 3377 ne
1011 3337 1088 3377 unus
1111 3317 1234 3397 quidem
1248 3337 1362 3392 versus,
1380 3338 1473 3398 quan·

123 3433 187 3481 tum
209 3420 310 3497 video,
335 3423 416 3504 apud
438 3423 615 3485 Ciceronem
640 3434 733 3499 extat,
758 3422 838 3505 quod
863 3443 898 3483 oo
920 3424 1016 3501 magis
1038 3420 1208 3482 mirandum
1224 3431 1277 3497 est,
1302 3422 1381 3503 quod
1398 3423 1473 3484 baec

125 3526 229 3588 fabula
252 3537 283 3588 et
304 3530 462 3589 sententiis
485 3528 654 3589 abundasse
677 3529 805 3604 videtur,
829 3529 938 3609 quibus
955 3526 1157 3605 Anaxagorae
1180 3526 1340 3589 derorum
1366 3536 1473 3589 natura

123 3641 285 3714 praecepta
315 3632 532 3706 referebantur,
558 3643 589 3692 et
611 3634 793 3693 ornamentis
815 3635 954 3694 oratoriis
986 3640 1050 3692 erat
1080 3631 1232 3694 distincta.
1263 3630 1294 3691 id
1317 3652 1409 3717 unum
1434 3655 1471 3694 ex

121 3739 189 3798 loco
212 3738 266 3797 illo
297 3737 335 3797 de
359 3738 409 3801 off.
443 3738 535 3813 131,
571 3741 632 3797 114
665 3739 864 3817 comperimus
888 3737 1081 3817 Melanippus
1112 3745 1213 3817 partes
1246 3737 1274 3796 ei
1307 3739 1472 3817 praecipue

122 3843 308 3916 convenisse,
332 3845 385 3923 qui
407 3843 534 3904 multum
555 3842 686 3902 valuerit
708 3863 727 3901 a
750 3851 847 3922 gestu.
873 3862 943 3901 nam
971 3843 1023 3923 qui
1046 3861 1152 3902 versus
1184 3841 1223 3901 de
1245 3850 1308 3901 nat.
1332 3840 1414 3903 deor.
1437 3843 1471 3902 ll

125 3950 176 4020 25,
201 3949 241 4006 65
265 3968 283 4006 ιι
306 3948 451 4010 Cicerone
474 3950 593 4022 citatur,
618 3968 689 4007 num
704 3948 730 4007 is
753 3950 818 4008 iure
841 3948 879 4007 ad
902 3947 981 4006 bano
1002 3946 1136 4007 fabulam
1152 3946 1306 4019 referatur,
1322 3949 1472 4007 maximae

121 4055 305 4116 dubitationi
328 4053 493 4114 obnoxium
517 4062 572 4113 est.

223 4160 333 4240 Neque
356 4159 444 4218 aliter
465 4178 515 4219 res
537 4179 569 4218 se
597 4156 689 4218 babet
711 4159 742 4217 in
767 4156 880 4216 Aiace
904 4154 1008 4240 (Ribb.
1042 4156 1134 4234 Trag.
1167 4156 1253 4215 Rom.
1286 4155 1323 4218 fr.
1356 4176 1387 4237 p.
1415 4159 1465 4233 17,

119 4266 224 4324 Roem.
248 4264 341 4342 Trag.
364 4284 394 4343 p.
422 4266 482 4323 131
505 4263 598 4345 sqq).
623 4282 754 4344 namque
782 4262 874 4323 etiam
896 4262 975 4324 hano
997 4260 1131 4321 fabulam
1153 4259 1308 4321 Ciceronis
1332 4268 1466 4342 tempore

226 4404 245 4468 ¹)
264 4402 306 4454 Ad
325 4419 404 4469 quern
432 4403 484 4455 loc.
503 4403 536 4454 oi.
556 4402 638 4454 schol.
658 4402 774 4453 Gronov.
802 4406 920 4453 osterum
948 4403 976 4451 in
996 4400 1070 4451 Verr.
1090 4402 1141 4449 act.
1159 4398 1186 4449 Il
1207 4402 1228 4462 t,
1250 4401 1281 4451 18
1310 4403 1337 4450 et
1359 4399 1405 4452 Or.
1423 4404 1466 4463 48,

122 4494 172 4543 160
190 4504 262 4557 qnae
281 4478 373 4542 extant
391 4492 475 4544 verba
492 4491 619 4544 Enniana
645 4489 680 4541 ad
708 4489 821 4541 eandem
834 4488 971 4540 tabulam
999 4485 1140 4539 referenda
1158 4501 1217 4538 esse
1238 4486 1365 4539 videntur
1384 4488 1425 4555 (tr.
1446 4493 1470 4552 6,

119 4584 147 4630 et
164 4581 217 4632 inc.
235 4579 253 4629 f.
273 4579 308 4646 1).
1275 4584 1278 4591 ’
