3300 5059
1400 222 1462 281 269

113 400 156 459 ita
199 398 319 460 videtur
339 400 513 482 perlegisse,
553 413 586 464 ut
620 405 648 464 ei
686 405 816 466 maxime
852 406 1010 467 haererent
1045 410 1076 467 in
1101 410 1245 471 memoria
1260 430 1374 484 versus,
1399 384 1461 490 qui·

111 504 165 563 bns
189 504 228 564 de
250 526 282 565 se
304 506 370 586 ipso
393 527 507 587 suaque
530 509 595 567 vita
626 509 744 596 locutus
772 519 819 570 est
841 512 973 589 Ennium
1007 513 1061 573 hos
1085 516 1165 574 enim
1188 516 1309 590 saepius
1333 534 1459 579 comme·

111 606 247 693 morat.¹)

214 713 275 774 Sed
297 714 372 777 haec
399 716 554 778 hactenus.
579 719 639 779 iarn
671 740 744 780 vero
775 721 868 794 iuvat,
903 722 1053 803 quomodo
1087 722 1192 784 Cicero
1220 725 1313 784 Ennii
1341 734 1458 805 tragoe-

112 818 169 880 diis
213 820 369 895 studuerit,
394 843 556 903 exponere.
581 833 673 904 atque
696 824 778 905 quod
805 827 841 885 in
865 825 1037 887 Annalibus
1059 829 1196 903 fecimus,
1229 838 1262 888 ut
1295 831 1459 910 inquirere-

110 945 184 1000 mus,
214 920 364 1005 quatenus
385 928 513 989 fuissent
535 932 599 989 noti
619 918 777 1014 ‘universo'
798 932 912 1012 populo
935 934 1083 1007 Romnno,
1118 924 1200 994 idern
1232 936 1264 994 in
1296 936 1458 1015 tragoediis

112 1052 234 1112 quoque
256 1031 456 1094 instituamus.
480 1036 608 1115 primurn
624 1037 716 1115 igitur
731 1038 947 1117 perlustrcmus
969 1039 1086 1099 fabulas
1109 1039 1187 1115 illas,
1211 1060 1285 1121 quas
1309 1039 1462 1101 Ciceronis

110 1137 281 1198 testimonio
318 1139 412 1219 ipsius
448 1148 582 1221 tempore
616 1143 648 1202 in
676 1163 786 1204 scaena
816 1153 898 1205 actas
933 1164 997 1205 esse
1038 1153 1162 1205 constat.
1209 1145 1266 1205 hac
1313 1146 1394 1206 enim
1427 1165 1461 1205 re

112 1244 220 1303 mirum
244 1253 390 1323 quantum
413 1265 515 1305 earum
540 1246 742 1326 cognitionem
765 1248 951 1327 divulgatam
975 1258 1005 1309 et
1038 1248 1138 1310 studia
1160 1250 1227 1329 ipsa
1252 1250 1308 1313 ,vel
1331 1251 1462 1310 maxime

111 1357 201 1409 aucta
223 1369 288 1409 esse
311 1368 400 1410 nemo
423 1350 555 1430 negabit.
690 1359 693 1364 '

214 1454 317 1533 Atque
350 1456 481 1516 maximo
511 1456 622 1537 plausu
653 1457 919 1519 Andro-macha
950 1458 1204 1519 Aechmalotis
1238 1458 1339 1535 (Ribb.
1363 1460 1457 1541 Trag.

108 1560 195 1618 Rom.
218 1558 255 1621 fr.
271 1581 301 1639 p.
326 1561 367 1621 23
391 1581 469 1642 sqq,
496 1562 601 1623 Roem.
622 1563 714 1641 Trag.
738 1586 768 1643 p.
787 1565 848 1624 135
866 1558 958 1645 sqq.),
974 1572 1008 1623 ut
1030 1564 1102 1623 inde
1123 1564 1284 1637 ordiamur,
1308 1562 1461 1624 Ciceronis

111 1673 213 1724 aetate
236 1675 304 1726 acta
325 1685 391 1725 esse
413 1664 541 1730 videtur.
570 1668 595 1725 is
625 1666 747 1747 quidem
770 1667 809 1726 ad
832 1667 897 1727 Att.
921 1668 989 1727 1111
1015 1671 1065 1741 15,
1103 1670 1121 1727 6
1146 1668 1183 1728 de
1206 1668 1285 1728 ludis
1304 1667 1461 1748 Apollina-

108 1771 202 1845 ribus,
235 1773 288 1851 qui
312 1771 455 1831 celebrati
479 1780 548 1833 sunt
572 1792 599 1831 a.
635 1771 663 1833 d.
689 1772 761 1832 VH.
792 1772 840 1831 Id.
875 1771 1012 1846 Quinct.'
1030 1793 1100 1832 ann.
1134 1770 1265 1857 rooles,
1294 1771 1398 1832 scribit
1429 1792 1461 1831 se

108 1876 232 1941 venisse
262 1877 295 1936 in
332 1876 549 1957 spectaculum,
582 1877 711 1956 primum
743 1898 853 1956 magno
882 1880 915 1937 et
947 1877 1100 1957 aequabili
1132 1878 1241 1957 plausu
1272 1912 1316 1922 -
1347 1877 1458 1938 deinde

108 2000 234 2061 operam
264 2001 297 2041 se
335 1981 455 2042 dedisse
477 1980 660 2062 Antiphonti
697 1981 825 2056 cuidam,
865 1983 917 2061 qui
948 1981 1180 2043 Andromachae
1212 1991 1314 2063 partes
1350 1985 1458 2063 egerit.

108 2087 244 2167 palmam
273 2086 396 2166 quidem
420 2107 488 2148 eum
511 2086 626 2161 tulisse,
659 2107 759 2166 neque
790 2095 892 2146 tamen
924 2087 982 2167 ipsi
1006 2086 1167 2147 admodum
1200 2086 1361 2166 placuisse.
1397 2086 1461 2148 ‘sed

108 2191 197 2250 nihil’
220 2193 319 2273 inquit
336 2183 414 2252 '‘tam
434 2193 589 2274 pusillum,
612 2192 689 2252 nihil
712 2202 773 2252 tam
797 2194 862 2253 sine
884 2213 971 2268 voce,
995 2193 1072 2252 nibil
1087 2202 1149 2253 tam
1171 2239 1178 2253 .
1203 2238 1234 2255 ..
1258 2214 1363 2253 verum
1382 2193 1458 2253 haec

109 2305 145 2355 tu
169 2306 266 2375 tecum
289 2297 419 2358 habeto?
454 2299 530 2359 alias
563 2307 663 2359 autem
688 2299 843 2379 Aesopum
866 2298 1100 2362 Andromachae
1132 2320 1293 2380 personam
1325 2299 1459 2359 induisse

107 2400 204 2480 idque
225 2402 278 2476 ita,
301 2411 335 2462 ut
357 2424 473 2463 summa
496 2403 673 2464 Ciceronem
702 2403 845 2463 adficeret
876 2402 1084 2479 delectatione,
1121 2424 1160 2465 ex
1190 2405 1258 2465 loco
1281 2404 1318 2464 de
1342 2425 1384 2463 or.
1408 2404 1459 2463 HI

15 2581 16 2590 ἵ
108 2510 162 2579 26,
190 2508 432 2587 torpescamus
457 2529 647 2589 cognoscere.
682 2518 774 2589 atque
795 2507 904 2568 habuit
926 2509 1002 2569 hace
1024 2508 1139 2583 fabula,
1175 2517 1321 2588 quantum
1344 2529 1382 2568 ex
1406 2509 1458 2582 eis,

15 2635 16 2682 ,
108 2633 189 2692 quae
213 2622 331 2693 extant,
361 2614 537 2693 fragmentis
560 2623 661 2693 potest
683 2612 832 2688 concludi,
862 2613 942 2693 quod
965 2611 1056 2675 ἔλεον
1079 2622 1109 2673 et
1132 2602 1239 2695 φόβον
1268 2614 1300 2671 in
1323 2622 1458 2693 spectan-

107 2719 186 2777 tium
210 2719 318 2779 animis
342 2720 497 2779 excitaret.
527 2719 600 2798 quid
632 2718 713 2798 quod
736 2718 842 2779 Cicero
866 2720 941 2798 ipse,
967 2738 1056 2797 quem
1089 2718 1126 2777 de
1149 2718 1334 2778 carminibus
1368 2738 1458 2798 saepe

106 2844 172 2883 non
195 2832 229 2882 ut
252 2825 324 2884 artis
347 2824 487 2898 iudicem,
516 2823 570 2884 sed
597 2832 630 2883 ut
654 2832 803 2883 oratorem
824 2823 874 2883 vel
894 2821 1114 2903 ,philosophum
1146 2823 1328 2883 sententiam
1352 2824 1459 2882 fecisse

106 2927 258 3003 videmus,
282 2929 391 3003 verbis,
417 2948 495 3008 quae
518 2926 734 2990 Andromacha
756 2929 830 2987 iacit
853 2927 891 2987 de
923 2935 1003 2987 sorte
1027 2947 1080 2986 sua
1102 2927 1278 3001 miserrima,
1314 2928 1460 3007 abripitur

105 3035 138 3093 in
164 3054 310 3093 summam
332 3043 441 3114 poetae
465 3032 705 3093 admirationem.
729 3034 821 3093 Tusc.
847 3032 898 3091 III
937 3034 987 3107 19,
1011 3034 1053 3091 44
1078 3031 1200 3112 quidem
1228 3034 1355 3112 Epicuri
1392 3052 1459 3093 son·
1532 3030 1536 3035 ’

107 3140 247 3215 tentiam,
272 3141 364 3200 animi
388 3160 553 3201 maerorem
576 3140 676 3199 sanari
698 3159 801 3220 posse,
815 3138 948 3219 corporis
970 3137 1176 3218 voluptatibus
1206 3138 1400 3212 refutaturus,
1424 3146 1458 3196 ut

108 3246 220 3305 summi
241 3248 385 3305 maeroris
408 3266 479 3305 vere
503 3244 618 3324 depicti
639 3253 732 3324 atque
755 3244 898 3324 expressi.
915 3243 1087 3323 exemplum
1110 3244 1252 3323 proferat,
1277 3242 1314 3301 ad
1338 3240 1456 3302 Andro·

105 3350 246 3410 macham
269 3373 324 3412 nos
346 3359 477 3425 revocat,
501 3371 580 3431 qnae
603 3358 647 3411 tot
669 3351 822 3429 tantisque
846 3348 932 3408 malis
954 3349 1111 3430 implicata
1133 3348 1210 3407 haec
1226 3347 1352 3407 effundit
1366 3348 1461 3407 verba

106 3455 312 3517 miserabilia:

317 3557 391 3627 ‘quid
409 3565 497 3625 petam
515 3557 632 3624 praesidi
650 3562 697 3608 aut
715 3556 863 3624 exsequar?
884 3555 972 3623 qudue
991 3572 1062 3607 nunc

318 3646 418 3697 ar'rxilio
438 3652 484 3697 aut
502 3645 566 3696 exili
585 3644 632 3695 adt
650 3646 731 3711 fugae
749 3644 817 3696 freta
836 3647 905 3694 sim?

318 3733 381 3786 drea
400 3742 426 3785 et
445 3734 510 3785 urbe
530 3731 596 3785 brba
614 3750 682 3785 sum.
701 3750 753 3800 quo
773 3730 918 3784 accedam?
937 3748 990 3799 qno
1009 3728 1163 3797 applicem?

287 3813 298 3832 ⁸
317 3820 362 3873 cui
379 3838 430 3871 nec
448 3829 510 3871 aras
527 3818 631 3887 patriae
649 3821 720 3871 dorni
738 3827 818 3885 stant,
838 3818 939 3870 fractae
958 3836 991 3870 ae
1010 3816 1138 3870 disiectae
1158 3820 1258 3881 iacent,

318 3906 381 3959 tana
399 3910 507 3959 flamma
525 3906 682 3974 dbflagrata,
699 3906 765 3959 tdsti
782 3906 831 3957 alti
849 3913 920 3958 stant
938 3904 1055 3972 parietes

318 3995 460 4047 deformati
477 4002 558 4061 atque
577 3993 665 4045 Abieta
685 3996 774 4061 crispa
790 4030 816 4046 ..
830 4030 837 4044 .
851 3994 877 4058 .',

105 4132 137 4183 et
166 4143 347 4204 quamquam
371 4120 479 4182 deinde
495 4118 600 4180 Cicero
622 4120 685 4193 illa,
710 4140 788 4199 quae
806 4126 983 4198 sequuntur,
1007 4126 1078 4178 nota
1102 4137 1167 4177 esse
1183 4113 1333 4188 admonet,
1358 4122 1460 4173 tamen

105 4232 261 4291 abstinere
285 4251 345 4289 non
368 4237 475 4307 potest,
510 4228 582 4306 quin
608 4225 718 4285 adiciat
750 4225 911 4298 canticum,
942 4222 1033 4304 quod*
1059 4224 1272 4302 pronuntietur
1312 4218 1459 4295 ‘flexibili

104 4338 213 4415 pleno,
236 4338 415 4413 interrupto,
440 4333 540 4393 flebili'
555 4332 638 4392 vocis
660 4332 779 4409 genere'
802 4326 855 4413 (de
876 4346 920 4389 or.
944 4329 996 4388 HI
1019 4331 1070 4403 58,
1096 4327 1185 4400 alu:

215 4531 234 4599 ¹)
253 4530 295 4584 Cf.
314 4531 350 4582 de
367 4546 404 4582 or.
422 4529 464 4581 111
482 4530 525 4593 42,
546 4531 608 4593 1683
633 4529 666 4580 de
690 4542 746 4579 sen.
771 4529 798 4591 h,
817 4528 850 4577 14
869 4529 896 4575 et
913 4524 975 4575 vids
992 4542 1017 4590 p.
1037 4524 1087 4573 268
