3300 5059
1412 245 1471 304 291

125 429 299 509 aequalium
314 428 403 490 buius
425 430 549 491 fabulae
571 430 772 491 admiratione
794 433 867 491 satis
891 432 1024 493 constat'
1041 433 1194 512 inprimis
1217 441 1317 493 autem
1334 454 1475 512 magnum

126 535 275 596 excitasse
285 536 484 617 comperimus
493 536 740 617 plausnmlocum
749 536 846 618 illum,
859 557 918 617 quo
928 537 1031 597 Thoas
1042 557 1097 597 rex
1108 536 1246 598 Orestem
1256 537 1475 618 Pylademque,

126 640 180 719 qui
203 660 269 700 cum
292 639 455 720 Iphigenia
476 636 682 722 profugerairt,
706 643 738 701 in
760 642 862 701 insula
878 641 1009 722 quadam
1026 651 1212 716 consecutus,
1236 643 1288 703 ubi
1311 640 1473 723 aChryse,

11 795 12 800 ,
125 743 467 824 Apollinis'sacerdote,
490 744 622 826 benigue
645 756 733 806 erant
748 748 878 827 excepti,
902 756 935 807 nt
951 745 1074 808 Orestes
1098 747 1155 807 sibi
1171 746 1349 823 traderetur,
1374 749 1475 827 petiit.

125 848 270 907 sedeam
294 847 428 931 Chryses
450 851 516 931 ipse
539 850 673 911 nondum
697 852 797 926 sciret,
822 861 889 912 uter
917 872 1021 913 eorum
1048 861 1128 914 esset
1150 851 1282 934 Orestes,
1311 862 1472 932 utrumque

12 991 14 1000 ·
123 952 208 1013 iubet
231 939 354 1014 adduci:
387 964 450 1014 tum
474 965 625 1016 certamen
649 956 724 1017 illud
753 958 832 1017 inter
854 958 966 1017 amicos
990 959 1124 1018 exoritur
1152 957 1383 1032 nobilissimum,
1415 977 1474 1037 qno

127 1065 299 1138 spectantes
322 1062 444 1140 penitus
467 1069 537 1121 sunt
559 1063 710 1122 commoti.
735 1070 780 1122 est
802 1061 882 1122 enim
904 1062 989 1123 locus
1011 1062 1061 1122 hic

228 1200 259 1249 P.
278 1196 328 1264 ego
347 1214 406 1250 sum
425 1187 542 1252 Orestes.
559 1200 592 1251 O.
609 1198 690 1252 immo
709 1186 851 1252 enimuero⁸
867 1217 917 1268 ego
936 1216 1004 1265 sum,
1020 1199 1147 1281 inquam,
1158 1201 1265 1253 Orestes
1285 1240 1291 1253 .
1311 1238 1320 1257 .
1338 1238 1344 1253 .
1364 1258 1365 1261 ¹

228 1285 259 1337 Ρ.
279 1292 306 1337 et
322 1286 355 1338 0.
374 1322 382 1338 .
400 1323 407 1338 .
427 1325 432 1337 .
452 1284 533 1338 dmbo
553 1303 617 1355 ergo
636 1290 719 1354 igitur
737 1287 817 1364 simul
834 1303 890 1340 una
909 1287 1040 1363 enicdrier¹
1119 1357 1124 1366 ρ

279 1372 481 1441 comprecamur
500 1374 561 1441 (inc.
580 1375 612 1425 fr.
632 1374 685 1444 13).

129 1502 188 1561 quo
215 1480 342 1542 deloco
365 1482 564 1561 sicloquitur
587 1481 711 1543 Laelius
746 1479 798 1568 (de
821 1504 879 1547 arn.
905 1485 933 1557 7,
959 1479 1028 1568 24):
1053 1486 1177 1567 itaque,
1208 1485 1233 1543 si
1265 1480 1387 1562 quando
1421 1481 1476 1540 ali·

11 1620 14 1651 ;
125 1586 207 1665 qnod
231 1585 363 1671 officium
386 1586 485 1646 extitit
509 1588 597 1646 amici
631 1587 662 1645 in
693 1587 837 1667 periculis
861 1596 913 1647 aut
945 1587 1093 1647 adeundis
1124 1578 1182 1646 aut
1209 1584 1474 1660 communicandis,

125 1691 261 1770 quisset
284 1691 338 1770 qui
366 1690 396 1748 id
428 1696 489 1750 u'on
520 1691 658 1750 maximis
692 1690 797 1751 efferat
830 1690 998 1750 laudibus?
1026 1693 1077 1770 qui
1105 1690 1257 1769 „clamores
1280 1695 1355 1750 ‘tota
1382 1708 1476 1750 cavea

12 1831 14 1836 ,
123 1814 222 1875 nuper
254 1796 286 1855 in
317 1794 447 1881 hospitis
479 1804 510 1854 et
543 1796 631 1854 amici
662 1795 722 1855 mei
745 1796 785 1855 M.
811 1795 939 1855 Pacuvii
971 1808 1055 1855 nova
1077 1794 1195 1855 fabula!
1219 1815 1285 1855 curn
1317 1796 1476 1873 ignorante

124 1920 206 1978 rege,
231 1909 306 1959 ’uter
338 1897 460 1961 Orestes
492 1908 579 1975 esset,
611 1899 747 1979 Pylades
777 1899 915 1960 Orestem
948 1920 980 1960 sc
1012 1920 1076 1960 esse
1108 1900 1230 1973 diceret,
1271 1908 1305 1958 ut
1336 1908 1390 1980 pro
1421 1898 1475 1958 illo

124 2013 292 2074 necaretur,
316 2002 438 2065 Orestes
460 2013 570 2079 autem,
594 2006 638 2064 ita
653 2014 783 2078 uteret,
809 2005 947 2066 Orestem
972 2026 1004 2065 se
1028 2025 1092 2065 esse
1114 2015 1332 2085 perseveraret,
1356 2013 1472 2064 stantes

124 2107 312 2187 plaudebant
333 2110 365 2168 in
388 2128 420 2169 re
442 2108 531 2168 ficte'.
555 2129 655 2190 neque
678 2110 824 2170 minorem
839 2109 929 2170 huius
952 2111 1010 2170 loci
1035 2111 1127 2170 fuisse
1143 2110 1371 2171 admirationem
1388 2107 1475 2169 Oice-

125 2215 208 2274 ronis
230 2214 325 2294 ipsius
347 2223 482 2294 tempore
505 2234 543 2275 ex
561 2213 631 2273 loco
655 2213 692 2274 de
709 2214 766 2274 fin.
791 2215 819 2275 V
843 2217 894 2289 22,
926 2218 966 2277 63
991 2216 1148 2277 evincitur.
1173 2236 1261 2296 quem
1289 2224 1384 2275 totum
1415 2216 1476 2279 buc

11 2364 14 2395 ᾖ
126 2319 312 2393 transferam,
338 2320 411 2398 quia
433 2338 472 2378 ex
502 2338 538 2379 eo
561 2319 650 2378 ctiam
683 2320 865 2399 perspicitur
887 2317 1064 2382 Ciceronem
1095 2340 1217 2401 qnoque
1245 2320 1309 2380 eius
1341 2319 1474 2399 pulchri·

14 2452 16 2457 ·
126 2422 262 2484 tudinem
284 2422 380 2504 probe
402 2425 545 2483 sensisse:
571 2429 618 2483 ‘an
643 2424 859 2497 obliviscimur,
884 2434 1071 2506 quantopere
1093 2428 1125 2486 in
1149 2425 1300 2486 audiendo
1327 2424 1472 2502 legendo·

126 2548 186 2606 que
208 2548 393 2601 moveamur,
418 2548 485 2587 eum
508 2531 567 2608 pie,
602 2548 670 2587 cum
702 2532 806 2604 amice,
840 2550 908 2590 cum
938 2550 1048 2609 magno
1080 2530 1181 2590 animo
1215 2528 1331 2609 aliquid
1362 2532 1475 2591 factum

124 2632 349 2712 cognoscimus?
372 2633 444 2713 quid
466 2632 574 2712 loquor
596 2632 634 2693 de
658 2633 755 2712 nobis,
784 2636 836 2713 qni
860 2634 899 2693 ad
920 2634 1041 2695 laudem
1065 2644 1095 2695 et
1118 2635 1156 2693 ad
1189 2635 1280 2694 decus
1303 2635 1377 2715 nati,
1410 2655 1473 2694 sus·

124 2739 216 2818 cepti,
248 2739 377 2798 instituti
402 2737 524 2797 sumus?
554 2738 607 2818 qui
630 2738 776 2799 clamores
799 2739 884 2817 vulgi
907 2746 999 2818 atque
1022 2739 1227 2819 imperitorum
1253 2740 1423 2799 excitantur
1445 2740 1475 2796 in

124 2843 260 2921 theatris,
284 2863 350 2903 eum
373 2842 428 2900 illa
450 2841 602 2901 dicuntur:
632 2843 700 2921 ‘ego
717 2888 749 2906 ..
774 2840 915 2918 Orestes',
950 2853 1112 2923 contraque
1136 2845 1173 2905 ab
1197 2845 1291 2903 altero
1317 2847 1417 2903 ‘lmmo
1441 2890 1473 2907 ..

123 2946 247 3009 Orestes
263 2994 271 3010 .
288 2949 306 3009 .’
331 2968 397 3007 cum
421 2955 521 3007 autem
544 2948 635 3007 etiam
659 2948 758 3007 exitus
781 2948 871 3007 datur
893 2950 1069 3008 conturbato
1094 2951 1266 3028 errantique
1289 2950 1353 3026 regi
1375 2948 1474 3008 ‘dmbo

124 3098 132 3111 .
157 3098 165 3111 .
189 3050 432 3132 cdmpreccmur',
456 3054 595 3133 quotiens
610 3052 668 3111 hoc
683 3055 792 3131 agitur,
817 3052 1014 3133 ecquandone
1038 3054 1095 3113 nisi
1112 3052 1360 3113 admirationibus
1378 3054 1472 3111 maxi-

122 3157 214 3240 misP’r
232 3158 373 3236 idemque
396 3156 479 3216 loeus
501 3154 641 3215 Ciceroni
664 3158 730 3217 sinc
753 3154 844 3216 dubio
882 3167 951 3217 ante
983 3158 1086 3217 oculos
1109 3166 1245 3217 versatus
1277 3166 1321 3217 est
1352 3157 1402 3217 de
1423 3156 1495 3219 lin.¹

122 3262 231 3343 1124,
256 3264 307 3325 79.
345 3262 405 3321 alio
433 3270 531 3322 autem
554 3262 631 3336 loco,
660 3259 712 3323 Or.
739 3265 791 3335 49,
818 3264 889 3335 155,
914 3283 973 3343 quo
996 3262 1130 3341 genetivi
1153 3262 1231 3342 plur.
1256 3263 1287 3322 in
1311 3282 1374 3322 -um
1397 3261 1477 3321 desi

122 3350 388 3446 neutisexempla
411 3365 517 3427 Cicero
539 3368 683 3447 congerit,
708 3388 746 3427 ex
778 3388 815 3427 ea
849 3369 993 3440 orations,
1025 3388 1086 3448 qua
1109 3366 1232 3429 Orestes
1255 3366 1366 3448 Chrysi
1389 3386 1474 3427 casus

122 3491 194 3531 suos
225 3473 372 3551 exposuit,
404 3480 437 3530 ut
469 3471 599 3547 videtur,
639 3473 728 3553 petiit
766 3493 870 3533 versus
901 3472 985 3533 illos:
1023 3474 1128 3545 ‘eluda
1161 3474 1277 3553 antiqui
1305 3516 1474 3533 ......

121 3578 294 3655 portentum
315 3578 420 3657 pauos’
445 3573 494 3659 (fr.
519 3576 562 3660 4).
586 3586 702 3638 restant
733 3578 793 3639 duo
830 3578 888 3639 loci
912 3579 1091 3653 Pacuviani,
1124 3599 1143 3638 a
1165 3576 1312 3640 Cicerone
1344 3599 1472 3640 comme-

121 3682 238 3756 morati,
268 3702 344 3761 quos
365 3681 504 3742 Ribbeck
527 3682 678 3761 quondam
701 3681 812 3765 Chrysi
851 3683 997 3759 attribuit,
1030 3685 1062 3743 in
1088 3684 1166 3745 libro
1199 3694 1309 3759 autem,
1345 3686 1402 3763 qui'
1431 3686 1475 3743 in·

123 3784 263 3845 scribitur
283 3787 389 3847 Roem.
405 3787 498 3865 Trag.
519 3807 550 3866 p.
568 3788 631 3849 256
655 3805 721 3868 sqq.
745 3809 816 3847 num
840 3788 900 3849 huc
921 3790 1025 3850 referri
1047 3790 1173 3870 possint,
1202 3788 1293 3849 valde
1317 3786 1472 3870 dubitate)

124 3870 296 3971 explicatur
318 3892 398 3952 enim
422 3893 466 3951 eis
490 3893 692 3971 Anaxagorae
713 3891 887 3973 philosophi
911 3893 1072 3954 derorum
1095 3903 1202 3953 natura
1224 3893 1371 3967 doctrina,
1395 3912 1472 3972 quae

122 4016 175 4058 res
197 3998 316 4057 cuinam
340 4018 379 4057 ex
400 3986 527 4077 Chrysis
548 3996 671 4057 fabulae
693 4000 831 4078 personis
854 3997 946 4058 tribui
968 3998 1062 4079 possit
1084 4019 1143 4059 non
1166 3999 1271 4078 liquet.
1296 3996 1471 4059 Ciceronem

123 4121 175 4162 eos
198 4100 371 4163 adhibuisse
394 4092 458 4162 non
478 4111 525 4163 est
546 4104 664 4179 mirum,
689 4102 933 4184 quandoquidem
956 4105 1021 4164 eius
1043 4103 1125 4164 modi
1147 4102 1312 4164 sententias
1335 4100 1472 4183 undique

122 4227 163 4267 ex
183 4216 339 4286 poetarum
364 4207 548 4269 carminibus
575 4228 643 4268 enm
666 4209 805 4270 videmus
829 4208 986 4270 delibasse.
1019 4210 1123 4289 itaque
1147 4194 1193 4268 de
1209 4207 1270 4267 div.
1295 4208 1312 4266 Ι
1335 4209 1385 4282 57,
1411 4210 1471 4269 131

122 4311 247 4372 fratrem
279 4330 366 4372 snum
393 4312 590 4373 divinationis
620 4315 788 4394 patrocinio
819 4321 958 4395 suscepto
973 4390 976 4395 Ι
991 4332 1059 4373 cum
1090 4312 1167 4389 aliis,
1200 4321 1264 4371 tum
1295 4310 1342 4371 his
1374 4312 1488 4373 verbis·

232 4450 250 4515 ¹)
269 4450 379 4517 Cogitat
396 4450 519 4503 Ribbeck
545 4450 579 4502 de
605 4451 691 4502 titulis
710 4451 829 4517 Chrysae
857 4456 884 4503 et
902 4452 1046 4518 Chrysippi
1073 4467 1091 4502 a
1113 4450 1232 4502 librariis
1251 4450 1385 4515 conlusis3
1412 4464 1475 4501 nam

124 4537 286 4590 Ciceronem
305 4539 394 4604 ipsum
411 4552 525 4589 errorem
544 4539 710 4589 commisisse
728 4538 799 4589 haud
818 4540 897 4591 facile
915 4540 1001 4606 possis
1020 4540 1157 4605 suspicari.

840 4642 843 4647 ·
1320 4624 1374 4677 19*
