<?xml version="1.0" encoding="UTF-8"?>
<!DOCTYPE html PUBLIC "-//W3C//DTD XHTML 1.0 Transitional//EN"
    "http://www.w3.org/TR/xhtml1/DTD/xhtml1-transitional.dtd">
<html xmlns="http://www.w3.org/1999/xhtml" xml:lang="en" lang="en">
 <head>
  <title>
</title>
<meta http-equiv="Content-Type" content="text/html;charset=utf-8" />
  <meta name='ocr-system' content='tesseract 3.04.00' />
  <meta name='ocr-capabilities' content='ocr_page ocr_carea ocr_par ocr_line ocrx_word'/>
</head>
<body>
  <div class='ocr_page' id='page_1' title='image "./dissertationesp07wiengoog_0161.png"; bbox 0 0 3300 5059; ppageno 0'>
   <div class='ocr_carea' id='block_1_1' title="bbox 347 446 3070 4614">
    <p class='ocr_par' dir='ltr' id='par_1_1' title="bbox 347 446 3056 633">
     <span class='ocr_line' id='line_1_1' title="bbox 347 446 3056 533; baseline -0.002 -21"><span class='ocrx_word' id='word_1_1' title='bbox 347 449 403 512; x_wconf 75' lang='grc' dir='ltr'><strong>δ’</strong></span> <span class='ocrx_word' id='word_1_2' title='bbox 435 447 685 533; x_wconf 75' lang='grc' dir='ltr'><strong><em>ἅρξατε,</em></strong></span> <span class='ocrx_word' id='word_1_3' title='bbox 733 449 918 508; x_wconf 76' lang='lat' dir='ltr'><strong>Pfien</strong></span> <span class='ocrx_word' id='word_1_4' title='bbox 966 448 1024 511; x_wconf 77' lang='grc' dir='ltr'><strong>δ’</strong></span> <span class='ocrx_word' id='word_1_5' title='bbox 1055 446 1345 532; x_wconf 81' lang='grc' dir='ltr'><strong><em>εἵρξατε),</em></strong></span> <span class='ocrx_word' id='word_1_6' title='bbox 1401 450 1588 508; x_wconf 86' lang='lat' dir='ltr'><strong>tutius</strong></span> <span class='ocrx_word' id='word_1_7' title='bbox 1634 447 1751 506; x_wconf 87' lang='lat' dir='ltr'><strong>&#39;erit</strong></span> <span class='ocrx_word' id='word_1_8' title='bbox 1796 448 1963 507; x_wconf 89' lang='lat' dir='ltr'><strong>nulla</strong></span> <span class='ocrx_word' id='word_1_9' title='bbox 2006 449 2271 507; x_wconf 90' lang='lat' dir='ltr'><strong>litterula</strong></span> <span class='ocrx_word' id='word_1_10' title='bbox 2322 448 2561 508; x_wconf 86' lang='lat' dir='ltr'><strong>adfecta</strong></span> <span class='ocrx_word' id='word_1_11' title='bbox 2608 448 2768 507; x_wconf 88' lang='lat' dir='ltr'><strong>hanc</strong></span> <span class='ocrx_word' id='word_1_12' title='bbox 2813 468 3056 529; x_wconf 86' lang='lat' dir='ltr'><strong>respon·</strong></span> 
     </span>
     <span class='ocr_line' id='line_1_2' title="bbox 348 553 1160 633; baseline 0 -18"><span class='ocrx_word' id='word_1_13' title='bbox 348 556 581 616; x_wconf 89' lang='lat' dir='ltr'><strong>sionem</strong></span> <span class='ocrx_word' id='word_1_14' title='bbox 628 585 780 625; x_wconf 59' lang='grc' dir='ltr'><strong>ι..-</strong></span> <span class='ocrx_word' id='word_1_15' title='bbox 807 590 844 614; x_wconf 68' lang='lat' dir='ltr'><strong>o</strong></span> <span class='ocrx_word' id='word_1_16' title='bbox 884 553 1160 633; x_wconf 89' lang='lat' dir='ltr'><strong>probare.</strong></span> 
     </span>
    </p>

    <p class='ocr_par' dir='ltr' id='par_1_2' title="bbox 535 657 1190 738">
     <span class='ocr_line' id='line_1_3' title="bbox 535 657 1190 738; baseline 0 -20"><span class='ocrx_word' id='word_1_17' title='bbox 535 657 748 738; x_wconf 88' lang='lat' dir='ltr'><strong>Suppl.</strong></span> <span class='ocrx_word' id='word_1_18' title='bbox 797 659 1190 720; x_wconf 76' lang='lat'>784=7922</span> 
     </span>
    </p>

    <p class='ocr_par' dir='ltr' id='par_1_3' title="bbox 423 760 2505 951">
     <span class='ocr_line' id='line_1_4' title="bbox 435 760 2504 845; baseline 0 -20"><span class='ocrx_word' id='word_1_19' title='bbox 435 771 537 827; x_wconf 88' lang='lat' dir='ltr'><strong>str.</strong></span> <span class='ocrx_word' id='word_1_20' title='bbox 587 761 664 825; x_wconf 83' lang='grc' dir='ltr'><strong>ἰὼ</strong></span> <span class='ocrx_word' id='word_1_21' title='bbox 708 768 795 845; x_wconf 76' lang='grc' dir='ltr'><strong>γᾶ</strong></span> <span class='ocrx_word' id='word_1_22' title='bbox 837 764 1114 845; x_wconf 82' lang='grc' dir='ltr'><strong><em>βουνῖτι,</em></strong></span> <span class='ocrx_word' id='word_1_23' title='bbox 1160 760 1421 826; x_wconf 79' lang='grc' dir='ltr'><strong><em>ἔνδικον</em></strong></span> <span class='ocrx_word' id='word_1_24' title='bbox 1466 762 1658 845; x_wconf 83' lang='grc' dir='ltr'><strong><em>σέβας</em></strong></span> <span class='ocrx_word' id='word_1_25' title='bbox 1848 794 2504 826; x_wconf 39' lang='grc' dir='ltr'><strong>υυ---ᾼυ-υ-ω-</strong></span> 
     </span>
     <span class='ocr_line' id='line_1_5' title="bbox 423 865 2505 951; baseline 0 -22"><span class='ocrx_word' id='word_1_26' title='bbox 423 877 542 931; x_wconf 88' lang='lat' dir='ltr'><strong>ant.</strong></span> <span class='ocrx_word' id='word_1_27' title='bbox 592 871 888 951; x_wconf 82' lang='grc' dir='ltr'><strong><em>ἄφυκτον</em></strong></span> <span class='ocrx_word' id='word_1_28' title='bbox 933 870 988 931; x_wconf 81' lang='grc' dir='ltr'><strong>δ’</strong></span> <span class='ocrx_word' id='word_1_29' title='bbox 1024 868 1230 933; x_wconf 54' lang='grc' dir='ltr'><strong><em>οὐκέτ’</em></strong></span> <span class='ocrx_word' id='word_1_30' title='bbox 1263 868 1347 930; x_wconf 84' lang='grc' dir='ltr'><strong>ἂν</strong></span> <span class='ocrx_word' id='word_1_31' title='bbox 1374 868 1557 930; x_wconf 83' lang='grc' dir='ltr'><strong><em>πέλοι</em></strong></span> <span class='ocrx_word' id='word_1_32' title='bbox 1592 865 1769 950; x_wconf 87' lang='grc' dir='ltr'><strong><em>κέαρ.</em></strong></span> <span class='ocrx_word' id='word_1_33' title='bbox 1852 900 1952 929; x_wconf 51' lang='grc' dir='ltr'><strong>..ι</strong></span> <span class='ocrx_word' id='word_1_34' title='bbox 1985 902 2078 930; x_wconf 71' lang='grc' dir='ltr'><strong>ι.-</strong></span> <span class='ocrx_word' id='word_1_35' title='bbox 2112 899 2212 929; x_wconf 52' lang='lat'><strong>40</strong></span> <span class='ocrx_word' id='word_1_36' title='bbox 2234 923 2273 931; x_wconf 82' lang='grc'><strong>-</strong></span> <span class='ocrx_word' id='word_1_37' title='bbox 2294 901 2441 929; x_wconf 53' lang='lat' dir='ltr'><strong>osso</strong></span> <span class='ocrx_word' id='word_1_38' title='bbox 2466 924 2505 929; x_wconf 78' lang='grc'><strong>-</strong></span> 
     </span>
    </p>

    <p class='ocr_par' dir='ltr' id='par_1_4' title="bbox 349 972 3059 1792">
     <span class='ocr_line' id='line_1_6' title="bbox 521 972 3058 1057; baseline -0.001 -23"><span class='ocrx_word' id='word_1_39' title='bbox 521 974 708 1035; x_wconf 85' lang='lat' dir='ltr'><strong>Dind.</strong></span> <span class='ocrx_word' id='word_1_40' title='bbox 754 975 1021 1054; x_wconf 82' lang='lat' dir='ltr'><strong>reposuit</strong></span> <span class='ocrx_word' id='word_1_41' title='bbox 1063 975 1275 1057; x_wconf 84' lang='grc' dir='ltr'><strong><em>βοῦνι.</em></strong></span> <span class='ocrx_word' id='word_1_42' title='bbox 1343 972 1503 1053; x_wconf 89' lang='lat' dir='ltr'><strong>quod</strong></span> <span class='ocrx_word' id='word_1_43' title='bbox 1549 974 1733 1032; x_wconf 85' lang='lat' dir='ltr'><strong>etiam</strong></span> <span class='ocrx_word' id='word_1_44' title='bbox 1779 994 1838 1033; x_wconf 85' lang='lat' dir='ltr'><strong>v.</strong></span> <span class='ocrx_word' id='word_1_45' title='bbox 1892 975 2267 1034; x_wconf 72' lang='lat'>123=134</span> <span class='ocrx_word' id='word_1_46' title='bbox 2316 976 2376 1032; x_wconf 90' lang='lat' dir='ltr'><strong>in</strong></span> <span class='ocrx_word' id='word_1_47' title='bbox 2451 972 2779 1054; x_wconf 88' lang='lat' dir='ltr'><strong>ephymnio</strong></span> <span class='ocrx_word' id='word_1_48' title='bbox 2835 974 3058 1054; x_wconf 83' lang='lat' dir='ltr'><strong>legitur</strong></span> 
     </span>
     <span class='ocr_line' id='line_1_7' title="bbox 352 1074 3052 1161; baseline -0.001 -20"><span class='ocrx_word' id='word_1_49' title='bbox 352 1077 602 1160; x_wconf 83' lang='grc' dir='ltr'><strong><em>ἱλέομαι</em></strong></span> <span class='ocrx_word' id='word_1_50' title='bbox 662 1078 783 1161; x_wconf 81' lang='grc' dir='ltr'><strong>μὲν</strong></span> <span class='ocrx_word' id='word_1_51' title='bbox 829 1080 1050 1141; x_wconf 84' lang='grc' dir='ltr'><strong><em>Ἀπίαν</em></strong></span> <span class='ocrx_word' id='word_1_52' title='bbox 1106 1080 1361 1160; x_wconf 79' lang='grc' dir='ltr'><strong><em>βοῦνιν,</em></strong></span> <span class='ocrx_word' id='word_1_53' title='bbox 1427 1099 1545 1158; x_wconf 89' lang='lat' dir='ltr'><strong>qua</strong></span> <span class='ocrx_word' id='word_1_54' title='bbox 1591 1080 1934 1138; x_wconf 86' lang='lat' dir='ltr'><strong>coniectura</strong></span> <span class='ocrx_word' id='word_1_55' title='bbox 1977 1074 2229 1157; x_wconf 86' lang='lat' dir='ltr'><strong>probata</strong></span> <span class='ocrx_word' id='word_1_56' title='bbox 2274 1079 2566 1161; x_wconf 84' lang='grc' dir='ltr'><strong><em>βουνῐτις</em></strong></span> <span class='ocrx_word' id='word_1_57' title='bbox 2609 1080 2668 1138; x_wconf 89' lang='lat' dir='ltr'><strong>in</strong></span> <span class='ocrx_word' id='word_1_58' title='bbox 2719 1081 2923 1158; x_wconf 86' lang='lat' dir='ltr'><strong>Etym.</strong></span> <span class='ocrx_word' id='word_1_59' title='bbox 2972 1081 3052 1139; x_wconf 87' lang='lat' dir='ltr'><strong>M.</strong></span> 
     </span>
     <span class='ocr_line' id='line_1_8' title="bbox 350 1182 3056 1267; baseline 0.001 -25"><span class='ocrx_word' id='word_1_60' title='bbox 350 1206 408 1263; x_wconf 89' lang='lat' dir='ltr'><strong>p.</strong></span> <span class='ocrx_word' id='word_1_61' title='bbox 448 1186 590 1247; x_wconf 78' lang='lat'><strong>208.</strong></span> <span class='ocrx_word' id='word_1_62' title='bbox 638 1187 675 1243; x_wconf 86' lang='lat'><strong>3</strong></span> <span class='ocrx_word' id='word_1_63' title='bbox 722 1185 950 1267; x_wconf 86' lang='grc' dir='ltr'><strong><em>βοῢνις</em></strong></span> <span class='ocrx_word' id='word_1_64' title='bbox 994 1184 1102 1246; x_wconf 85' lang='grc' dir='ltr'><strong>καὶ</strong></span> <span class='ocrx_word' id='word_1_65' title='bbox 1145 1185 1436 1265; x_wconf 84' lang='grc' dir='ltr'><strong><em>βουνῐτις</em></strong></span> <span class='ocrx_word' id='word_1_66' title='bbox 1473 1183 1513 1265; x_wconf 80' lang='grc' dir='ltr'>ἡ</span> <span class='ocrx_word' id='word_1_67' title='bbox 1547 1191 1653 1265; x_wconf 75' lang='grc' dir='ltr'><strong>γῆ,</strong></span> <span class='ocrx_word' id='word_1_68' title='bbox 1689 1182 1850 1265; x_wconf 88' lang='lat' dir='ltr'><strong>quod</strong></span> <span class='ocrx_word' id='word_1_69' title='bbox 1880 1183 2093 1265; x_wconf 87' lang='lat' dir='ltr'><strong>procul</strong></span> <span class='ocrx_word' id='word_1_70' title='bbox 2125 1183 2306 1243; x_wconf 86' lang='lat' dir='ltr'><strong>dubio</strong></span> <span class='ocrx_word' id='word_1_71' title='bbox 2341 1204 2418 1243; x_wconf 89' lang='lat' dir='ltr'><strong>ex</strong></span> <span class='ocrx_word' id='word_1_72' title='bbox 2447 1184 2563 1243; x_wconf 91' lang='lat' dir='ltr'><strong>hoc</strong></span> <span class='ocrx_word' id='word_1_73' title='bbox 2595 1184 2890 1264; x_wconf 83' lang='lat' dir='ltr'><strong>Aeschyli</strong></span> <span class='ocrx_word' id='word_1_74' title='bbox 2921 1186 3056 1245; x_wconf 87' lang='lat' dir='ltr'><strong>loco</strong></span> 
     </span>
     <span class='ocr_line' id='line_1_9' title="bbox 350 1287 3055 1372; baseline 0.001 -26"><span class='ocrx_word' id='word_1_75' title='bbox 350 1289 729 1368; x_wconf 85' lang='lat' dir='ltr'><strong>desumptum</strong></span> <span class='ocrx_word' id='word_1_76' title='bbox 751 1298 859 1363; x_wconf 87' lang='lat' dir='ltr'><strong>est,</strong></span> <span class='ocrx_word' id='word_1_77' title='bbox 882 1296 1124 1349; x_wconf 85' lang='lat' dir='ltr'><strong>auctore</strong></span> <span class='ocrx_word' id='word_1_78' title='bbox 1146 1297 1322 1349; x_wconf 87' lang='lat' dir='ltr'><strong>caret.</strong></span> <span class='ocrx_word' id='word_1_79' title='bbox 1357 1288 1504 1346; x_wconf 86' lang='lat' dir='ltr'><strong>mihi</strong></span> <span class='ocrx_word' id='word_1_80' title='bbox 1527 1288 1771 1368; x_wconf 87' lang='lat' dir='ltr'><strong>quidem</strong></span> <span class='ocrx_word' id='word_1_81' title='bbox 1792 1291 2083 1372; x_wconf 84' lang='grc' dir='ltr'><strong><em>βουνϊτις</em></strong></span> <span class='ocrx_word' id='word_1_82' title='bbox 2109 1290 2171 1347; x_wconf 89' lang='lat' dir='ltr'><strong>in</strong></span> <span class='ocrx_word' id='word_1_83' title='bbox 2189 1287 2480 1368; x_wconf 83' lang='lat' dir='ltr'><strong>Aeschyli</strong></span> <span class='ocrx_word' id='word_1_84' title='bbox 2501 1287 2720 1348; x_wconf 78' lang='lat' dir='ltr'><strong>incude</strong></span> <span class='ocrx_word' id='word_1_85' title='bbox 2739 1290 3055 1348; x_wconf 81' lang='lat' dir='ltr'><strong>formatum</strong></span> 
     </span>
     <span class='ocr_line' id='line_1_10' title="bbox 351 1392 3057 1473; baseline 0 -21"><span class='ocrx_word' id='word_1_86' title='bbox 351 1392 610 1455; x_wconf 88' lang='lat' dir='ltr'><strong>videtur.</strong></span> <span class='ocrx_word' id='word_1_87' title='bbox 657 1414 798 1452; x_wconf 88' lang='lat' dir='ltr'><strong>nam</strong></span> <span class='ocrx_word' id='word_1_88' title='bbox 843 1392 1004 1451; x_wconf 88' lang='lat' dir='ltr'><strong>unde</strong></span> <span class='ocrx_word' id='word_1_89' title='bbox 1051 1393 1281 1452; x_wconf 83' lang='lat' dir='ltr'><strong>librarii</strong></span> <span class='ocrx_word' id='word_1_90' title='bbox 1333 1401 1454 1451; x_wconf 87' lang='lat' dir='ltr'><strong>tam</strong></span> <span class='ocrx_word' id='word_1_91' title='bbox 1490 1413 1661 1452; x_wconf 87' lang='lat' dir='ltr'><strong>rarae</strong></span> <span class='ocrx_word' id='word_1_92' title='bbox 1694 1402 1873 1453; x_wconf 89' lang='lat' dir='ltr'><strong>notae</strong></span> <span class='ocrx_word' id='word_1_93' title='bbox 1904 1414 2208 1452; x_wconf 89' lang='lat' dir='ltr'><strong>nummum</strong></span> <span class='ocrx_word' id='word_1_94' title='bbox 2240 1392 2585 1473; x_wconf 80' lang='lat' dir='ltr'><strong>petierunt?</strong></span> <span class='ocrx_word' id='word_1_95' title='bbox 2630 1413 2828 1473; x_wconf 91' lang='lat' dir='ltr'><strong>neque</strong></span> <span class='ocrx_word' id='word_1_96' title='bbox 2860 1393 3057 1452; x_wconf 84' lang='lat' dir='ltr'><strong>hiatus</strong></span> 
     </span>
     <span class='ocr_line' id='line_1_11' title="bbox 349 1497 3059 1578; baseline 0 -22"><span class='ocrx_word' id='word_1_97' title='bbox 349 1499 412 1556; x_wconf 88' lang='lat' dir='ltr'><strong>in</strong></span> <span class='ocrx_word' id='word_1_98' title='bbox 436 1497 635 1557; x_wconf 92' lang='lat' dir='ltr'><strong>medio</strong></span> <span class='ocrx_word' id='word_1_99' title='bbox 655 1518 834 1559; x_wconf 82' lang='lat' dir='ltr'><strong>versu</strong></span> <span class='ocrx_word' id='word_1_100' title='bbox 864 1498 1113 1557; x_wconf 89' lang='lat' dir='ltr'><strong>nimium</strong></span> <span class='ocrx_word' id='word_1_101' title='bbox 1148 1499 1492 1557; x_wconf 86' lang='lat' dir='ltr'><strong>offensionis</strong></span> <span class='ocrx_word' id='word_1_102' title='bbox 1524 1497 1727 1567; x_wconf 89' lang='lat' dir='ltr'><strong>habet,</strong></span> <span class='ocrx_word' id='word_1_103' title='bbox 1763 1500 1989 1578; x_wconf 87' lang='lat' dir='ltr'><strong>quippe</strong></span> <span class='ocrx_word' id='word_1_104' title='bbox 2022 1519 2155 1558; x_wconf 89' lang='lat' dir='ltr'><strong>cum</strong></span> <span class='ocrx_word' id='word_1_105' title='bbox 2176 1508 2312 1577; x_wconf 90' lang='lat' dir='ltr'><strong>post</strong></span> <span class='ocrx_word' id='word_1_106' title='bbox 2343 1498 2838 1557; x_wconf 82' lang='lat' dir='ltr'><strong>exclamationem</strong></span> <span class='ocrx_word' id='word_1_107' title='bbox 2865 1520 3059 1578; x_wconf 88' lang='lat' dir='ltr'><strong>pausa</strong></span> 
     </span>
     <span class='ocr_line' id='line_1_12' title="bbox 352 1602 3055 1683; baseline 0.001 -23"><span class='ocrx_word' id='word_1_108' title='bbox 352 1602 701 1677; x_wconf 83' lang='lat' dir='ltr'><strong>intercedat,</strong></span> <span class='ocrx_word' id='word_1_109' title='bbox 727 1623 904 1683; x_wconf 89' lang='lat' dir='ltr'><strong>quam</strong></span> <span class='ocrx_word' id='word_1_110' title='bbox 929 1602 991 1664; x_wconf 90' lang='lat' dir='ltr'><strong>h.</strong></span> <span class='ocrx_word' id='word_1_111' title='bbox 1015 1603 1056 1665; x_wconf 92' lang='lat' dir='ltr'><strong>l.</strong></span> <span class='ocrx_word' id='word_1_112' title='bbox 1079 1612 1244 1664; x_wconf 85' lang='lat' dir='ltr'><strong>recta</strong></span> <span class='ocrx_word' id='word_1_113' title='bbox 1266 1605 1536 1663; x_wconf 78' lang='lat' dir='ltr'><strong>recitatio</strong></span> <span class='ocrx_word' id='word_1_114' title='bbox 1557 1623 1680 1663; x_wconf 91' lang='lat' dir='ltr'><strong>non</strong></span> <span class='ocrx_word' id='word_1_115' title='bbox 1711 1603 1922 1663; x_wconf 86' lang='lat' dir='ltr'><strong>suadet</strong></span> <span class='ocrx_word' id='word_1_116' title='bbox 1948 1611 2201 1677; x_wconf 88' lang='lat' dir='ltr'><strong>tantum,</strong></span> <span class='ocrx_word' id='word_1_117' title='bbox 2229 1602 2335 1662; x_wconf 87' lang='lat' dir='ltr'><strong>sed</strong></span> <span class='ocrx_word' id='word_1_118' title='bbox 2355 1603 2602 1680; x_wconf 86' lang='lat' dir='ltr'><strong>flagitat.</strong></span> <span class='ocrx_word' id='word_1_119' title='bbox 2627 1623 2803 1683; x_wconf 91' lang='lat' dir='ltr'><strong>quam</strong></span> <span class='ocrx_word' id='word_1_120' title='bbox 2832 1602 2907 1662; x_wconf 91' lang='lat' dir='ltr'><strong>ob</strong></span> <span class='ocrx_word' id='word_1_121' title='bbox 2929 1623 3055 1662; x_wconf 88' lang='lat' dir='ltr'><strong>rem</strong></span> 
     </span>
     <span class='ocr_line' id='line_1_13' title="bbox 353 1707 3056 1792; baseline 0.002 -26"><span class='ocrx_word' id='word_1_122' title='bbox 353 1726 470 1766; x_wconf 86' lang='lat' dir='ltr'><strong>non</strong></span> <span class='ocrx_word' id='word_1_123' title='bbox 504 1709 756 1767; x_wconf 84' lang='lat' dir='ltr'><strong>facimus</strong></span> <span class='ocrx_word' id='word_1_124' title='bbox 788 1730 921 1769; x_wconf 89' lang='lat' dir='ltr'><strong>cum</strong></span> <span class='ocrx_word' id='word_1_125' title='bbox 951 1708 1284 1770; x_wconf 85' lang='lat' dir='ltr'><strong>Abreschio</strong></span> <span class='ocrx_word' id='word_1_126' title='bbox 1317 1708 1505 1769; x_wconf 87' lang='lat' dir='ltr'><strong>verba</strong></span> <span class='ocrx_word' id='word_1_127' title='bbox 1534 1710 1620 1768; x_wconf 91' lang='lat' dir='ltr'><strong>ita</strong></span> <span class='ocrx_word' id='word_1_128' title='bbox 1648 1718 2107 1790; x_wconf 83' lang='lat' dir='ltr'><strong>transponente:</strong></span> <span class='ocrx_word' id='word_1_129' title='bbox 2158 1708 2234 1772; x_wconf 83' lang='grc' dir='ltr'><strong>ἰὼ</strong></span> <span class='ocrx_word' id='word_1_130' title='bbox 2280 1710 2534 1792; x_wconf 85' lang='grc' dir='ltr'><strong><em>βουνϊτι</em></strong></span> <span class='ocrx_word' id='word_1_131' title='bbox 2577 1714 2663 1790; x_wconf 77' lang='grc' dir='ltr'><em>γᾶ</em></span> <span class='ocrx_word' id='word_1_132' title='bbox 2705 1707 2953 1770; x_wconf 79' lang='grc' dir='ltr'><strong><em>’νδικον</em></strong></span> <span class='ocrx_word' id='word_1_133' title='bbox 2998 1724 3056 1771; x_wconf 90' lang='grc' dir='ltr'><strong>σ.</strong></span> 
     </span>
    </p>

    <p class='ocr_par' dir='ltr' id='par_1_5' title="bbox 529 1813 1156 1874">
     <span class='ocr_line' id='line_1_14' title="bbox 529 1813 1156 1874; baseline 0.003 -2"><span class='ocrx_word' id='word_1_134' title='bbox 529 1813 696 1873; x_wconf 85' lang='lat' dir='ltr'><strong>Pers.</strong></span> <span class='ocrx_word' id='word_1_135' title='bbox 749 1813 873 1873; x_wconf 81' lang='lat'><strong>552</strong></span> <span class='ocrx_word' id='word_1_136' title='bbox 902 1841 978 1867; x_wconf 83' lang='lat'><strong><em>=</em></strong></span> <span class='ocrx_word' id='word_1_137' title='bbox 1003 1813 1156 1874; x_wconf 82' lang='lat'><strong>562:</strong></span> 
     </span>
    </p>

    <p class='ocr_par' dir='ltr' id='par_1_6' title="bbox 440 1916 2160 2001">
     <span class='ocr_line' id='line_1_15' title="bbox 440 1916 2160 2001; baseline 0.001 -24"><span class='ocrx_word' id='word_1_138' title='bbox 440 1928 538 1978; x_wconf 90' lang='lat' dir='ltr'><strong>str.</strong></span> <span class='ocrx_word' id='word_1_139' title='bbox 586 1919 716 2000; x_wconf 79' lang='grc' dir='ltr'><strong>γαι</strong></span> <span class='ocrx_word' id='word_1_140' title='bbox 762 1918 971 1992; x_wconf 81' lang='grc' dir='ltr'><strong><em>Ἀσιὰς</em></strong></span> <span class='ocrx_word' id='word_1_141' title='bbox 1014 1916 1447 2001; x_wconf 78' lang='grc' dir='ltr'><strong><em>ἐκκενουμένα</em></strong></span> <span class='ocrx_word' id='word_1_142' title='bbox 1646 1954 1741 1981; x_wconf 50' lang='grc' dir='ltr'><strong>μ-</strong></span> <span class='ocrx_word' id='word_1_143' title='bbox 1770 1959 1859 1981; x_wconf 55' lang='grc' dir='ltr'><strong>ω,</strong></span> <span class='ocrx_word' id='word_1_144' title='bbox 1882 1972 1922 1976; x_wconf 88' lang='grc'>-</span> <span class='ocrx_word' id='word_1_145' title='bbox 1950 1957 2160 1979; x_wconf 66' lang='lat' dir='ltr'><strong>ooooo</strong></span> 
     </span>
    </p>

    <p class='ocr_par' dir='ltr' id='par_1_7' title="bbox 355 2022 3062 2732">
     <span class='ocr_line' id='line_1_16' title="bbox 427 2022 2154 2105; baseline 0.002 -25"><span class='ocrx_word' id='word_1_146' title='bbox 427 2031 545 2080; x_wconf 87' lang='lat' dir='ltr'><strong>ant.</strong></span> <span class='ocrx_word' id='word_1_147' title='bbox 596 2023 664 2083; x_wconf 79' lang='grc' dir='ltr'><strong>αἱ</strong></span> <span class='ocrx_word' id='word_1_148' title='bbox 696 2022 751 2085; x_wconf 82' lang='grc' dir='ltr'><strong>δ’</strong></span> <span class='ocrx_word' id='word_1_149' title='bbox 776 2022 1123 2105; x_wconf 83' lang='grc' dir='ltr'><strong><em>ὁμόπτεροι</em></strong></span> <span class='ocrx_word' id='word_1_150' title='bbox 1161 2024 1584 2097; x_wconf 81' lang='grc' dir='ltr'><strong><em>κυανώπιδες.</em></strong></span> <span class='ocrx_word' id='word_1_151' title='bbox 1641 2055 1692 2083; x_wconf 71' lang='lat'><strong>-0</strong></span> <span class='ocrx_word' id='word_1_152' title='bbox 1719 2064 1753 2083; x_wconf 67' lang='lat' dir='ltr'><strong>o</strong></span> <span class='ocrx_word' id='word_1_153' title='bbox 1770 2063 1849 2085; x_wconf 64' lang='lat' dir='ltr'><strong>„o</strong></span> <span class='ocrx_word' id='word_1_154' title='bbox 1871 2063 1976 2085; x_wconf 64' lang='lat' dir='ltr'><strong>,w</strong></span> <span class='ocrx_word' id='word_1_155' title='bbox 2005 2078 2035 2083; x_wconf 79' lang='grc'>-</span> <span class='ocrx_word' id='word_1_156' title='bbox 2058 2063 2091 2083; x_wconf 64' lang='grc' dir='ltr'><strong><em>υ</em></strong></span> <span class='ocrx_word' id='word_1_157' title='bbox 2116 2077 2154 2083; x_wconf 73' lang='grc'>-</span> 
     </span>
     <span class='ocr_line' id='line_1_17' title="bbox 355 2126 3058 2211; baseline 0.001 -28"><span class='ocrx_word' id='word_1_158' title='bbox 355 2128 470 2184; x_wconf 82' lang='lat' dir='ltr'><strong>viri</strong></span> <span class='ocrx_word' id='word_1_159' title='bbox 534 2126 691 2186; x_wconf 90' lang='lat' dir='ltr'><strong>docti</strong></span> <span class='ocrx_word' id='word_1_160' title='bbox 755 2127 823 2190; x_wconf 86' lang='grc' dir='ltr'><strong>αἱ</strong></span> <span class='ocrx_word' id='word_1_161' title='bbox 876 2128 944 2188; x_wconf 81' lang='grc' dir='ltr'><strong>δ’</strong></span> <span class='ocrx_word' id='word_1_162' title='bbox 970 2130 1296 2187; x_wconf 89' lang='lat' dir='ltr'><strong>omiserunt</strong></span> <span class='ocrx_word' id='word_1_163' title='bbox 1349 2150 1481 2187; x_wconf 90' lang='lat' dir='ltr'><strong>cum</strong></span> <span class='ocrx_word' id='word_1_164' title='bbox 1539 2129 1844 2188; x_wconf 89' lang='lat' dir='ltr'><strong>Brunckio</strong></span> <span class='ocrx_word' id='word_1_165' title='bbox 1902 2126 2330 2211; x_wconf 74' lang='grc' dir='ltr'><strong><em>(θαλασσίους</em></strong></span> <span class='ocrx_word' id='word_1_166' title='bbox 2385 2129 2753 2210; x_wconf 79' lang='grc' dir='ltr'><strong><em>λινόπτεροι</em></strong></span> <span class='ocrx_word' id='word_1_167' title='bbox 2800 2127 3058 2186; x_wconf 81' lang='lat' dir='ltr'><strong>Schuetz</strong></span> 
     </span>
     <span class='ocr_line' id='line_1_18' title="bbox 357 2231 3062 2316; baseline 0.002 -26"><span class='ocrx_word' id='word_1_168' title='bbox 357 2233 608 2311; x_wconf 83' lang='lat' dir='ltr'><strong>scripsit,</strong></span> <span class='ocrx_word' id='word_1_169' title='bbox 645 2231 1020 2316; x_wconf 89' lang='grc' dir='ltr'><strong><em>αἰνόπτεροι</em></strong></span> <span class='ocrx_word' id='word_1_170' title='bbox 1052 2232 1380 2306; x_wconf 86' lang='lat' dir='ltr'><strong>Oberdick,</strong></span> <span class='ocrx_word' id='word_1_171' title='bbox 1404 2234 1827 2316; x_wconf 85' lang='grc' dir='ltr'><strong><em>λαιφόπτεροι</em></strong></span> <span class='ocrx_word' id='word_1_172' title='bbox 1852 2232 2222 2305; x_wconf 91' lang='lat' dir='ltr'><strong>Heimsoeth,</strong></span> <span class='ocrx_word' id='word_1_173' title='bbox 2248 2232 2630 2315; x_wconf 88' lang='grc' dir='ltr'><strong><em>ὀρσόπτεροι</em></strong></span> <span class='ocrx_word' id='word_1_174' title='bbox 2660 2232 3062 2307; x_wconf 80' lang='grc' dir='ltr'><strong><em>νυκτωπίδες</em></strong></span> 
     </span>
     <span class='ocr_line' id='line_1_19' title="bbox 358 2336 3060 2417; baseline 0 -22"><span class='ocrx_word' id='word_1_175' title='bbox 358 2337 540 2410; x_wconf 90' lang='lat' dir='ltr'><strong>Weil,</strong></span> <span class='ocrx_word' id='word_1_176' title='bbox 610 2357 732 2416; x_wconf 90' lang='lat' dir='ltr'><strong>qua</strong></span> <span class='ocrx_word' id='word_1_177' title='bbox 799 2338 1139 2396; x_wconf 85' lang='lat' dir='ltr'><strong>coniectura</strong></span> <span class='ocrx_word' id='word_1_178' title='bbox 1202 2338 1472 2417; x_wconf 88' lang='lat' dir='ltr'><strong>inspecta</strong></span> <span class='ocrx_word' id='word_1_179' title='bbox 1528 2337 1901 2417; x_wconf 82' lang='lat' dir='ltr'><strong>Aeschylum</strong></span> <span class='ocrx_word' id='word_1_180' title='bbox 1967 2339 2028 2397; x_wconf 91' lang='lat' dir='ltr'><strong>in</strong></span> <span class='ocrx_word' id='word_1_181' title='bbox 2086 2337 2391 2416; x_wconf 87' lang='lat' dir='ltr'><strong>Aeschylo</strong></span> <span class='ocrx_word' id='word_1_182' title='bbox 2485 2337 2772 2416; x_wconf 87' lang='lat' dir='ltr'><strong>quaeris),</strong></span> <span class='ocrx_word' id='word_1_183' title='bbox 2863 2336 3060 2416; x_wconf 87' lang='lat' dir='ltr'><strong>Paley</strong></span> 
     </span>
     <span class='ocr_line' id='line_1_20' title="bbox 355 2437 3054 2525; baseline -0.001 -22"><span class='ocrx_word' id='word_1_184' title='bbox 355 2440 481 2503; x_wconf 79' lang='grc' dir='ltr'><strong><em>αἵδ’</em></strong></span> <span class='ocrx_word' id='word_1_185' title='bbox 527 2444 827 2525; x_wconf 80' lang='grc' dir='ltr'><strong><em>εὔπτεροι</em></strong></span> <span class='ocrx_word' id='word_1_186' title='bbox 858 2442 1127 2501; x_wconf 88' lang='lat' dir='ltr'><strong>coniecit.</strong></span> <span class='ocrx_word' id='word_1_187' title='bbox 1175 2442 1441 2501; x_wconf 85' lang='lat' dir='ltr'><strong>trochaei</strong></span> <span class='ocrx_word' id='word_1_188' title='bbox 1491 2441 1825 2523; x_wconf 88' lang='lat' dir='ltr'><strong>dactyliqui</strong></span> <span class='ocrx_word' id='word_1_189' title='bbox 1872 2443 2051 2522; x_wconf 88' lang='lat' dir='ltr'><strong>cyclii</strong></span> <span class='ocrx_word' id='word_1_190' title='bbox 2086 2437 2241 2524; x_wconf 86' lang='lat' dir='ltr'><strong>(sive</strong></span> <span class='ocrx_word' id='word_1_191' title='bbox 2275 2440 2553 2524; x_wconf 88' lang='lat' dir='ltr'><strong>spondei)</strong></span> <span class='ocrx_word' id='word_1_192' title='bbox 2578 2442 3054 2520; x_wconf 86' lang='lat' dir='ltr'><strong>responsionem,</strong></span> 
     </span>
     <span class='ocr_line' id='line_1_21' title="bbox 357 2544 3059 2626; baseline 0 -22"><span class='ocrx_word' id='word_1_193' title='bbox 357 2545 595 2625; x_wconf 87' lang='lat' dir='ltr'><strong>qualem</strong></span> <span class='ocrx_word' id='word_1_194' title='bbox 653 2546 715 2603; x_wconf 88' lang='lat' dir='ltr'><strong>in</strong></span> <span class='ocrx_word' id='word_1_195' title='bbox 760 2546 935 2603; x_wconf 89' lang='lat' dir='ltr'><strong>tertio</strong></span> <span class='ocrx_word' id='word_1_196' title='bbox 982 2547 1290 2625; x_wconf 83' lang='lat' dir='ltr'><strong>conspicis</strong></span> <span class='ocrx_word' id='word_1_197' title='bbox 1319 2544 1499 2625; x_wconf 90' lang='lat' dir='ltr'><strong>pede,</strong></span> <span class='ocrx_word' id='word_1_198' title='bbox 1543 2547 1604 2605; x_wconf 88' lang='lat' dir='ltr'><strong>in</strong></span> <span class='ocrx_word' id='word_1_199' title='bbox 1650 2546 1923 2605; x_wconf 86' lang='lat' dir='ltr'><strong>versibus</strong></span> <span class='ocrx_word' id='word_1_200' title='bbox 1973 2546 2339 2625; x_wconf 85' lang='lat' dir='ltr'><strong>logaoedicis</strong></span> <span class='ocrx_word' id='word_1_201' title='bbox 2384 2545 2534 2604; x_wconf 90' lang='lat' dir='ltr'><strong>nihil</strong></span> <span class='ocrx_word' id='word_1_202' title='bbox 2582 2546 2845 2607; x_wconf 84' lang='lat' dir='ltr'><strong>offensae</strong></span> <span class='ocrx_word' id='word_1_203' title='bbox 2888 2566 3059 2626; x_wconf 85' lang='lat' dir='ltr'><strong>prae-</strong></span> 
     </span>
     <span class='ocr_line' id='line_1_22' title="bbox 361 2650 2467 2732; baseline 0.001 -24"><span class='ocrx_word' id='word_1_204' title='bbox 361 2651 502 2708; x_wconf 89' lang='lat' dir='ltr'><strong>bere</strong></span> <span class='ocrx_word' id='word_1_205' title='bbox 547 2669 641 2708; x_wconf 86' lang='lat' dir='ltr'><strong>res</strong></span> <span class='ocrx_word' id='word_1_206' title='bbox 689 2658 779 2710; x_wconf 90' lang='lat' dir='ltr'><strong>est</strong></span> <span class='ocrx_word' id='word_1_207' title='bbox 820 2651 1144 2724; x_wconf 86' lang='lat' dir='ltr'><strong>notissima,</strong></span> <span class='ocrx_word' id='word_1_208' title='bbox 1192 2650 1253 2709; x_wconf 88' lang='lat' dir='ltr'><strong>id</strong></span> <span class='ocrx_word' id='word_1_209' title='bbox 1303 2650 1462 2730; x_wconf 90' lang='lat' dir='ltr'><strong>quod</strong></span> <span class='ocrx_word' id='word_1_210' title='bbox 1511 2671 1588 2710; x_wconf 89' lang='lat' dir='ltr'><strong>ex</strong></span> <span class='ocrx_word' id='word_1_211' title='bbox 1634 2652 1765 2711; x_wconf 86' lang='lat' dir='ltr'><strong>aliis</strong></span> <span class='ocrx_word' id='word_1_212' title='bbox 1813 2652 2104 2732; x_wconf 85' lang='lat' dir='ltr'><strong>exemplis</strong></span> <span class='ocrx_word' id='word_1_213' title='bbox 2153 2652 2467 2711; x_wconf 86' lang='lat' dir='ltr'><strong>elucescet.</strong></span> 
     </span>
    </p>

    <p class='ocr_par' dir='ltr' id='par_1_8' title="bbox 532 2753 1164 2816">
     <span class='ocr_line' id='line_1_23' title="bbox 532 2753 1164 2816; baseline -0.002 -3"><span class='ocrx_word' id='word_1_214' title='bbox 532 2753 702 2813; x_wconf 92' lang='lat' dir='ltr'><strong>Pers.</strong></span> <span class='ocrx_word' id='word_1_215' title='bbox 754 2755 875 2812; x_wconf 85' lang='lat'><strong>571</strong></span> <span class='ocrx_word' id='word_1_216' title='bbox 905 2780 982 2809; x_wconf 85' lang='lat'><strong><em>=</em></strong></span> <span class='ocrx_word' id='word_1_217' title='bbox 1008 2756 1164 2816; x_wconf 87' lang='lat'>579:</span> 
     </span>
    </p>

    <p class='ocr_par' dir='ltr' id='par_1_9' title="bbox 532 2855 2377 2942">
     <span class='ocr_line' id='line_1_24' title="bbox 532 2855 2377 2942; baseline 0 -23"><span class='ocrx_word' id='word_1_218' title='bbox 532 2868 632 2919; x_wconf 86' lang='lat' dir='ltr'><strong>str.</strong></span> <span class='ocrx_word' id='word_1_219' title='bbox 680 2859 783 2921; x_wconf 83' lang='grc' dir='ltr'><strong>τοὶ</strong></span> <span class='ocrx_word' id='word_1_220' title='bbox 829 2858 884 2921; x_wconf 83' lang='grc' dir='ltr'><strong>δ’</strong></span> <span class='ocrx_word' id='word_1_221' title='bbox 918 2861 1046 2941; x_wconf 83' lang='grc' dir='ltr'><strong>ἄρα</strong></span> <span class='ocrx_word' id='word_1_222' title='bbox 1089 2860 1527 2941; x_wconf 81' lang='grc' dir='ltr'><strong><em>πρωτόμοροι,</em></strong></span> <span class='ocrx_word' id='word_1_223' title='bbox 1573 2855 1700 2942; x_wconf 59' lang='lat' dir='ltr'><strong>cpe&amp;</strong></span> <span class='ocrx_word' id='word_1_224' title='bbox 1917 2890 1950 2917; x_wconf 65' lang='grc' dir='ltr'><strong>,ν</strong></span> <span class='ocrx_word' id='word_1_225' title='bbox 1985 2900 2044 2919; x_wconf 61' lang='grc' dir='ltr'>ω</span> <span class='ocrx_word' id='word_1_226' title='bbox 2072 2899 2171 2919; x_wconf 61' lang='lat' dir='ltr'><strong>,w</strong></span> <span class='ocrx_word' id='word_1_227' title='bbox 2210 2890 2221 2906; x_wconf 64' lang='grc' dir='ltr'><strong><em>ν</em></strong></span> <span class='ocrx_word' id='word_1_228' title='bbox 2266 2901 2298 2919; x_wconf 64' lang='grc' dir='ltr'>Λ</span> <span class='ocrx_word' id='word_1_229' title='bbox 2329 2912 2377 2919; x_wconf 83' lang='grc'><strong>..</strong></span> 
     </span>
    </p>

    <p class='ocr_par' dir='ltr' id='par_1_10' title="bbox 432 2961 2372 3046">
     <span class='ocr_line' id='line_1_25' title="bbox 432 2961 2372 3046; baseline 0 -24"><span class='ocrx_word' id='word_1_230' title='bbox 432 2962 439 2967; x_wconf 76' lang='grc'><em>’</em></span> <span class='ocrx_word' id='word_1_231' title='bbox 516 2974 637 3023; x_wconf 89' lang='lat' dir='ltr'><strong>ant.</strong></span> <span class='ocrx_word' id='word_1_232' title='bbox 685 2961 1123 3045; x_wconf 78' lang='grc' dir='ltr'><strong><em>γναπτόμενοι</em></strong></span> <span class='ocrx_word' id='word_1_233' title='bbox 1167 2964 1223 3025; x_wconf 82' lang='grc' dir='ltr'><strong>δ’</strong></span> <span class='ocrx_word' id='word_1_234' title='bbox 1257 2963 1361 3024; x_wconf 81' lang='grc' dir='ltr'><strong>ἁλὶ</strong></span> <span class='ocrx_word' id='word_1_235' title='bbox 1406 2964 1612 3040; x_wconf 73' lang='grc' dir='ltr'><strong><em>δεινά,</em></strong></span> <span class='ocrx_word' id='word_1_236' title='bbox 1660 2973 1805 3046; x_wconf 83' lang='grc' dir='ltr'><strong><em>φεῦ.</em></strong></span> <span class='ocrx_word' id='word_1_237' title='bbox 1936 2995 2043 3022; x_wconf 60' lang='grc' dir='ltr'><strong>’-ψ</strong></span> <span class='ocrx_word' id='word_1_238' title='bbox 2109 3002 2168 3021; x_wconf 61' lang='lat' dir='ltr'><strong>oo</strong></span> <span class='ocrx_word' id='word_1_239' title='bbox 2208 2995 2218 3008; x_wconf 55' lang='grc' dir='ltr'><strong><em>ι</em></strong></span> <span class='ocrx_word' id='word_1_240' title='bbox 2261 3003 2292 3022; x_wconf 63' lang='lat' dir='ltr'><strong>o</strong></span> <span class='ocrx_word' id='word_1_241' title='bbox 2334 3017 2372 3022; x_wconf 80' lang='grc'>-</span> 
     </span>
    </p>

    <p class='ocr_par' dir='ltr' id='par_1_11' title="bbox 358 3065 3067 4069">
     <span class='ocr_line' id='line_1_26' title="bbox 363 3065 3059 3147; baseline -0.002 -19"><span class='ocrx_word' id='word_1_242' title='bbox 363 3090 568 3128; x_wconf 85' lang='lat' dir='ltr'><strong>omnes</strong></span> <span class='ocrx_word' id='word_1_243' title='bbox 614 3068 673 3129; x_wconf 90' lang='lat' dir='ltr'><strong>h.</strong></span> <span class='ocrx_word' id='word_1_244' title='bbox 712 3069 752 3126; x_wconf 88' lang='lat'><strong>1.</strong></span> <span class='ocrx_word' id='word_1_245' title='bbox 785 3069 958 3126; x_wconf 81' lang='lat' dir='ltr'><strong>metri</strong></span> <span class='ocrx_word' id='word_1_246' title='bbox 1003 3088 1181 3128; x_wconf 86' lang='lat' dir='ltr'><strong>causa</strong></span> <span class='ocrx_word' id='word_1_247' title='bbox 1213 3067 1286 3126; x_wconf 90' lang='lat' dir='ltr'><strong>de</strong></span> <span class='ocrx_word' id='word_1_248' title='bbox 1336 3069 1687 3147; x_wconf 86' lang='lat' dir='ltr'><strong>corruptelis</strong></span> <span class='ocrx_word' id='word_1_249' title='bbox 1720 3069 2083 3126; x_wconf 83' lang='lat' dir='ltr'><strong>somniantes</strong></span> <span class='ocrx_word' id='word_1_250' title='bbox 2117 3069 2400 3147; x_wconf 86' lang='lat' dir='ltr'><strong>optimam</strong></span> <span class='ocrx_word' id='word_1_251' title='bbox 2451 3066 2707 3127; x_wconf 87' lang='lat' dir='ltr'><strong>Medicei</strong></span> <span class='ocrx_word' id='word_1_252' title='bbox 2738 3065 3059 3125; x_wconf 90' lang='lat' dir='ltr'><strong>lectionem</strong></span> 
     </span>
     <span class='ocr_line' id='line_1_27' title="bbox 359 3170 3062 3254; baseline -0.001 -21"><span class='ocrx_word' id='word_1_253' title='bbox 359 3175 481 3233; x_wconf 89' lang='lat' dir='ltr'><strong>suis</strong></span> <span class='ocrx_word' id='word_1_254' title='bbox 565 3174 912 3233; x_wconf 88' lang='lat' dir='ltr'><strong>commentis</strong></span> <span class='ocrx_word' id='word_1_255' title='bbox 1000 3172 1492 3252; x_wconf 85' lang='lat' dir='ltr'><strong>posthabuerunt.</strong></span> <span class='ocrx_word' id='word_1_256' title='bbox 1603 3172 1787 3231; x_wconf 90' lang='lat' dir='ltr'><strong>Dind.</strong></span> <span class='ocrx_word' id='word_1_257' title='bbox 1865 3172 2085 3231; x_wconf 85' lang='lat' dir='ltr'><strong>vocula</strong></span> <span class='ocrx_word' id='word_1_258' title='bbox 2162 3181 2287 3254; x_wconf 83' lang='grc' dir='ltr'><strong>φεῦ</strong></span> <span class='ocrx_word' id='word_1_259' title='bbox 2364 3172 2465 3231; x_wconf 89' lang='lat' dir='ltr'><strong>hic</strong></span> <span class='ocrx_word' id='word_1_260' title='bbox 2541 3181 2600 3233; x_wconf 86' lang='lat' dir='ltr'><strong>et</strong></span> <span class='ocrx_word' id='word_1_261' title='bbox 2673 3173 2799 3231; x_wconf 83' lang='lat'><strong>579</strong></span> <span class='ocrx_word' id='word_1_262' title='bbox 2860 3170 3062 3230; x_wconf 85' lang='lat' dir='ltr'><strong>deleta</strong></span> 
     </span>
     <span class='ocr_line' id='line_1_28' title="bbox 359 3274 3059 3360; baseline -0 -24"><span class='ocrx_word' id='word_1_263' title='bbox 359 3278 799 3338; x_wconf 87' lang='lat' dir='ltr'><strong>Blomfieldium</strong></span> <span class='ocrx_word' id='word_1_264' title='bbox 857 3286 1092 3337; x_wconf 87' lang='lat' dir='ltr'><strong>secutus</strong></span> <span class='ocrx_word' id='word_1_265' title='bbox 1144 3277 1481 3340; x_wconf 69' lang='lat' dir='ltr'><strong>ediditvol</strong></span> <span class='ocrx_word' id='word_1_266' title='bbox 1526 3277 1583 3339; x_wconf 81' lang='grc' dir='ltr'><strong>δ’</strong></span> <span class='ocrx_word' id='word_1_267' title='bbox 1617 3280 1745 3360; x_wconf 85' lang='grc' dir='ltr'><strong>ἄρα</strong></span> <span class='ocrx_word' id='word_1_268' title='bbox 1802 3277 2260 3359; x_wconf 86' lang='grc' dir='ltr'><strong><em>πρωτομόροιο</em></strong></span> <span class='ocrx_word' id='word_1_269' title='bbox 2314 3274 2745 3360; x_wconf 85' lang='grc' dir='ltr'><strong><em>(πρωϊμόροιο</em></strong></span> <span class='ocrx_word' id='word_1_270' title='bbox 2787 3276 2946 3335; x_wconf 85' lang='lat' dir='ltr'><strong>Weil</strong></span> <span class='ocrx_word' id='word_1_271' title='bbox 2998 3278 3059 3335; x_wconf 86' lang='lat' dir='ltr'><strong>in</strong></span> 
     </span>
     <span class='ocr_line' id='line_1_29' title="bbox 359 3378 3061 3465; baseline -0.001 -26"><span class='ocrx_word' id='word_1_272' title='bbox 359 3382 451 3440; x_wconf 85' lang='lat' dir='ltr'><strong>ed.</strong></span> <span class='ocrx_word' id='word_1_273' title='bbox 484 3382 646 3461; x_wconf 88' lang='lat' dir='ltr'><strong>Lips.</strong></span> <span class='ocrx_word' id='word_1_274' title='bbox 687 3378 879 3462; x_wconf 84' lang='lat'>1884)</span> <span class='ocrx_word' id='word_1_275' title='bbox 920 3379 930 3465; x_wconf 89' lang='grc' dir='ltr'>Ι</span> <span class='ocrx_word' id='word_1_276' title='bbox 969 3382 1330 3463; x_wconf 79' lang='grc' dir='ltr'><strong><em>ληφθέντες</em></strong></span> <span class='ocrx_word' id='word_1_277' title='bbox 1372 3381 1535 3464; x_wconf 89' lang='grc' dir='ltr'><strong><em>πρὸς</em></strong></span> <span class='ocrx_word' id='word_1_278' title='bbox 1576 3381 1878 3463; x_wconf 81' lang='grc' dir='ltr'><strong><em>ἀνάγκας.</em></strong></span> <span class='ocrx_word' id='word_1_279' title='bbox 1924 3381 2252 3441; x_wconf 86' lang='lat' dir='ltr'><strong>Schneider</strong></span> <span class='ocrx_word' id='word_1_280' title='bbox 2296 3383 2357 3441; x_wconf 86' lang='lat' dir='ltr'><strong>in</strong></span> <span class='ocrx_word' id='word_1_281' title='bbox 2402 3390 2499 3441; x_wconf 87' lang='lat' dir='ltr'><strong>str.</strong></span> <span class='ocrx_word' id='word_1_282' title='bbox 2551 3382 2619 3443; x_wconf 85' lang='grc' dir='ltr'><strong>αἲ</strong></span> <span class='ocrx_word' id='word_1_283' title='bbox 2658 3390 2807 3463; x_wconf 73' lang='grc' dir='ltr'><strong><em>φεῦ,</em></strong></span> <span class='ocrx_word' id='word_1_284' title='bbox 2847 3383 2905 3439; x_wconf 85' lang='lat' dir='ltr'><strong>in</strong></span> <span class='ocrx_word' id='word_1_285' title='bbox 2941 3391 3061 3438; x_wconf 84' lang='lat' dir='ltr'><strong>ant.</strong></span> 
     </span>
     <span class='ocr_line' id='line_1_30' title="bbox 360 3482 3067 3567; baseline -0.003 -20"><span class='ocrx_word' id='word_1_286' title='bbox 360 3485 515 3547; x_wconf 80' lang='grc' dir='ltr'><strong><em>δείν’</em></strong></span> <span class='ocrx_word' id='word_1_287' title='bbox 547 3485 617 3546; x_wconf 89' lang='grc' dir='ltr'><strong>αἲ</strong></span> <span class='ocrx_word' id='word_1_288' title='bbox 646 3494 772 3567; x_wconf 83' lang='grc' dir='ltr'><strong>φεῦ</strong></span> <span class='ocrx_word' id='word_1_289' title='bbox 805 3486 1057 3563; x_wconf 88' lang='lat' dir='ltr'><strong>scripsit.</strong></span> <span class='ocrx_word' id='word_1_290' title='bbox 1105 3486 1341 3545; x_wconf 86' lang='lat' dir='ltr'><strong>Teuffel</strong></span> <span class='ocrx_word' id='word_1_291' title='bbox 1385 3506 1515 3544; x_wconf 91' lang='lat' dir='ltr'><strong>cum</strong></span> <span class='ocrx_word' id='word_1_292' title='bbox 1563 3484 1807 3543; x_wconf 87' lang='lat' dir='ltr'><strong>Prienio</strong></span> <span class='ocrx_word' id='word_1_293' title='bbox 1850 3485 2203 3563; x_wconf 81' lang='lat' dir='ltr'><strong>particulam</strong></span> <span class='ocrx_word' id='word_1_294' title='bbox 2251 3507 2323 3567; x_wconf 82' lang='grc' dir='ltr'><strong>γε</strong></span> <span class='ocrx_word' id='word_1_295' title='bbox 2372 3482 2728 3567; x_wconf 84' lang='lat' dir='ltr'><strong>(,parallel&#39;‚</strong></span> <span class='ocrx_word' id='word_1_296' title='bbox 2778 3486 2877 3557; x_wconf 89' lang='lat' dir='ltr'><strong>ait,</strong></span> <span class='ocrx_word' id='word_1_297' title='bbox 2928 3485 3067 3557; x_wconf 91' lang='lat' dir='ltr'><strong>,mit</strong></span> 
     </span>
     <span class='ocr_line' id='line_1_31' title="bbox 361 3587 3065 3672; baseline -0.003 -20"><span class='ocrx_word' id='word_1_298' title='bbox 361 3587 599 3672; x_wconf 82' lang='grc' dir='ltr'><strong><em>δεινά’)</em></strong></span> <span class='ocrx_word' id='word_1_299' title='bbox 631 3589 897 3662; x_wconf 88' lang='lat' dir='ltr'><strong>inseruit,</strong></span> <span class='ocrx_word' id='word_1_300' title='bbox 949 3609 1103 3670; x_wconf 87' lang='lat' dir='ltr'><strong>quae</strong></span> <span class='ocrx_word' id='word_1_301' title='bbox 1137 3590 1280 3670; x_wconf 90' lang='lat' dir='ltr'><strong>quid</strong></span> <span class='ocrx_word' id='word_1_302' title='bbox 1315 3590 1428 3649; x_wconf 90' lang='lat' dir='ltr'><strong>sibi</strong></span> <span class='ocrx_word' id='word_1_303' title='bbox 1459 3589 1555 3647; x_wconf 92' lang='lat' dir='ltr'><strong>hic</strong></span> <span class='ocrx_word' id='word_1_304' title='bbox 1584 3590 1750 3662; x_wconf 85' lang='lat' dir='ltr'><strong>velit,</strong></span> <span class='ocrx_word' id='word_1_305' title='bbox 1784 3610 1903 3648; x_wconf 91' lang='lat' dir='ltr'><strong>non</strong></span> <span class='ocrx_word' id='word_1_306' title='bbox 1927 3590 2121 3648; x_wconf 73' lang='lat' dir='ltr'><strong>elicio·</strong></span> <span class='ocrx_word' id='word_1_307' title='bbox 2169 3589 2376 3648; x_wconf 89' lang='lat' dir='ltr'><strong>Heath</strong></span> <span class='ocrx_word' id='word_1_308' title='bbox 2408 3590 2631 3668; x_wconf 90' lang='lat' dir='ltr'><strong>aliique</strong></span> <span class='ocrx_word' id='word_1_309' title='bbox 2666 3588 2745 3669; x_wconf 79' lang='grc' dir='ltr'><strong>δὴ</strong></span> <span class='ocrx_word' id='word_1_310' title='bbox 2778 3587 3065 3647; x_wconf 86' lang='lat' dir='ltr'><strong>addentes</strong></span> 
     </span>
     <span class='ocr_line' id='line_1_32' title="bbox 359 3692 3065 3774; baseline -0.001 -22"><span class='ocrx_word' id='word_1_311' title='bbox 359 3696 419 3752; x_wconf 91' lang='lat' dir='ltr'><strong>in</strong></span> <span class='ocrx_word' id='word_1_312' title='bbox 465 3696 692 3758; x_wconf 85' lang='lat' dir='ltr'><strong>autistr.</strong></span> <span class='ocrx_word' id='word_1_313' title='bbox 744 3695 929 3772; x_wconf 81' lang='grc' dir='ltr'><strong><em>δεινᾷ</em></strong></span> <span class='ocrx_word' id='word_1_314' title='bbox 960 3696 1340 3774; x_wconf 85' lang='lat' dir='ltr'><strong>scripserunt.</strong></span> <span class='ocrx_word' id='word_1_315' title='bbox 1375 3693 1481 3753; x_wconf 89' lang='lat' dir='ltr'><strong>sed</strong></span> <span class='ocrx_word' id='word_1_316' title='bbox 1513 3714 1589 3753; x_wconf 85' lang='lat' dir='ltr'><strong>ex</strong></span> <span class='ocrx_word' id='word_1_317' title='bbox 1620 3695 1754 3774; x_wconf 87' lang='lat' dir='ltr'><strong>ipsa</strong></span> <span class='ocrx_word' id='word_1_318' title='bbox 1791 3695 2261 3753; x_wconf 87' lang='lat' dir='ltr'><strong>coniecturarum</strong></span> <span class='ocrx_word' id='word_1_319' title='bbox 2294 3701 2506 3751; x_wconf 86' lang='lat' dir='ltr'><strong>natura</strong></span> <span class='ocrx_word' id='word_1_320' title='bbox 2533 3694 2851 3773; x_wconf 82' lang='lat' dir='ltr'><strong>intellegis,</strong></span> <span class='ocrx_word' id='word_1_321' title='bbox 2903 3692 3065 3772; x_wconf 89' lang='lat' dir='ltr'><strong>quod</strong></span> 
     </span>
     <span class='ocr_line' id='line_1_33' title="bbox 358 3797 3066 3881; baseline -0 -24"><span class='ocrx_word' id='word_1_322' title='bbox 358 3800 574 3858; x_wconf 87' lang='lat' dir='ltr'><strong>iterum</strong></span> <span class='ocrx_word' id='word_1_323' title='bbox 603 3800 938 3881; x_wconf 85' lang='lat' dir='ltr'><strong>iterumque</strong></span> <span class='ocrx_word' id='word_1_324' title='bbox 972 3819 1091 3857; x_wconf 91' lang='lat' dir='ltr'><strong>non</strong></span> <span class='ocrx_word' id='word_1_325' title='bbox 1130 3819 1369 3878; x_wconf 87' lang='lat' dir='ltr'><strong>possum</strong></span> <span class='ocrx_word' id='word_1_326' title='bbox 1405 3819 1523 3858; x_wconf 91' lang='lat' dir='ltr'><strong>non</strong></span> <span class='ocrx_word' id='word_1_327' title='bbox 1559 3806 1855 3877; x_wconf 88' lang='lat' dir='ltr'><strong>repetere,</strong></span> <span class='ocrx_word' id='word_1_328' title='bbox 1906 3800 2139 3857; x_wconf 90' lang='lat' dir='ltr'><strong>criticos</strong></span> <span class='ocrx_word' id='word_1_329' title='bbox 2185 3819 2366 3858; x_wconf 88' lang='lat' dir='ltr'><strong>sensu</strong></span> <span class='ocrx_word' id='word_1_330' title='bbox 2397 3818 2777 3878; x_wconf 85' lang='lat' dir='ltr'><strong>nequaquam</strong></span> <span class='ocrx_word' id='word_1_331' title='bbox 2811 3797 3066 3857; x_wconf 87' lang='lat' dir='ltr'><strong>offensos</strong></span> 
     </span>
     <span class='ocr_line' id='line_1_34' title="bbox 359 3901 3067 3983; baseline -0.001 -20"><span class='ocrx_word' id='word_1_332' title='bbox 359 3906 457 3964; x_wconf 89' lang='lat' dir='ltr'><strong>hic</strong></span> <span class='ocrx_word' id='word_1_333' title='bbox 520 3913 580 3964; x_wconf 90' lang='lat' dir='ltr'><strong>et</strong></span> <span class='ocrx_word' id='word_1_334' title='bbox 641 3904 786 3964; x_wconf 89' lang='lat' dir='ltr'><strong>alibi</strong></span> <span class='ocrx_word' id='word_1_335' title='bbox 848 3906 1021 3963; x_wconf 86' lang='lat' dir='ltr'><strong>metri</strong></span> <span class='ocrx_word' id='word_1_336' title='bbox 1085 3924 1259 3964; x_wconf 87' lang='lat' dir='ltr'><strong>causa</strong></span> <span class='ocrx_word' id='word_1_337' title='bbox 1322 3912 1539 3983; x_wconf 89' lang='lat' dir='ltr'><strong>poetae</strong></span> <span class='ocrx_word' id='word_1_338' title='bbox 1607 3903 1795 3962; x_wconf 87' lang='lat' dir='ltr'><strong>verba</strong></span> <span class='ocrx_word' id='word_1_339' title='bbox 1843 3924 2115 3967; x_wconf 81' lang='lat' dir='ltr'><strong>vexasse.</strong></span> <span class='ocrx_word' id='word_1_340' title='bbox 2162 3924 2371 3963; x_wconf 85' lang='lat' dir='ltr'><strong>verum</strong></span> <span class='ocrx_word' id='word_1_341' title='bbox 2412 3902 2681 3981; x_wconf 88' lang='lat' dir='ltr'><strong>rhythmi</strong></span> <span class='ocrx_word' id='word_1_342' title='bbox 2726 3921 2906 3961; x_wconf 89' lang='lat' dir='ltr'><strong>causa</strong></span> <span class='ocrx_word' id='word_1_343' title='bbox 2948 3901 3067 3959; x_wconf 89' lang='lat' dir='ltr'><strong>hae</strong></span> 
     </span>
     <span class='ocr_line' id='line_1_35' title="bbox 362 4009 1574 4069; baseline 0 -1"><span class='ocrx_word' id='word_1_344' title='bbox 362 4030 564 4069; x_wconf 88' lang='lat' dir='ltr'><strong>omnes</strong></span> <span class='ocrx_word' id='word_1_345' title='bbox 609 4009 948 4069; x_wconf 87' lang='lat' dir='ltr'><strong>reiciendae</strong></span> <span class='ocrx_word' id='word_1_346' title='bbox 996 4018 1134 4068; x_wconf 88' lang='lat' dir='ltr'><strong>sunt</strong></span> <span class='ocrx_word' id='word_1_347' title='bbox 1178 4010 1574 4068; x_wconf 85' lang='lat' dir='ltr'><strong>coniecturae.</strong></span> 
     </span>
    </p>

    <p class='ocr_par' dir='ltr' id='par_1_12' title="bbox 534 4114 1161 4173">
     <span class='ocr_line' id='line_1_36' title="bbox 534 4114 1161 4173; baseline -0.002 -1"><span class='ocrx_word' id='word_1_348' title='bbox 534 4114 701 4173; x_wconf 88' lang='lat' dir='ltr'><strong>Pers.</strong></span> <span class='ocrx_word' id='word_1_349' title='bbox 751 4115 874 4173; x_wconf 85' lang='lat'><strong>859</strong></span> <span class='ocrx_word' id='word_1_350' title='bbox 904 4138 982 4167; x_wconf 87' lang='lat'><strong><em>=</em></strong></span> <span class='ocrx_word' id='word_1_351' title='bbox 1006 4115 1161 4171; x_wconf 84' lang='lat'>865:</span> 
     </span>
    </p>

    <p class='ocr_par' dir='ltr' id='par_1_13' title="bbox 447 4211 2443 4299">
     <span class='ocr_line' id='line_1_37' title="bbox 447 4211 2443 4299; baseline 0 -22"><span class='ocrx_word' id='word_1_352' title='bbox 447 4227 544 4277; x_wconf 78' lang='lat' dir='ltr'><strong>stt.</strong></span> <span class='ocrx_word' id='word_1_353' title='bbox 596 4217 859 4290; x_wconf 83' lang='grc' dir='ltr'><strong><em>ἰσόθεος</em></strong></span> <span class='ocrx_word' id='word_1_354' title='bbox 903 4220 1185 4298; x_wconf 84' lang='grc' dir='ltr'><strong><em>Δαρεῖος</em></strong></span> <span class='ocrx_word' id='word_1_355' title='bbox 1229 4211 1378 4299; x_wconf 82' lang='grc' dir='ltr'><strong><em>ἆρχε</em></strong></span> <span class='ocrx_word' id='word_1_356' title='bbox 1424 4218 1634 4299; x_wconf 84' lang='grc' dir='ltr'><strong><em>χώρας</em></strong></span> <span class='ocrx_word' id='word_1_357' title='bbox 1815 4249 2008 4278; x_wconf 61' lang='grc' dir='ltr'><strong>-νψ-</strong></span> <span class='ocrx_word' id='word_1_358' title='bbox 2035 4257 2067 4277; x_wconf 66' lang='grc' dir='ltr'><strong><em>υ</em></strong></span> <span class='ocrx_word' id='word_1_359' title='bbox 2100 4249 2299 4277; x_wconf 27' lang='grc' dir='ltr'><strong>κυῶ,</strong></span> <span class='ocrx_word' id='word_1_360' title='bbox 2324 4250 2443 4277; x_wconf 59' lang='lat' dir='ltr'><strong>o.-</strong></span> 
     </span>
    </p>

    <p class='ocr_par' dir='ltr' id='par_1_14' title="bbox 365 4315 3070 4614">
     <span class='ocr_line' id='line_1_38' title="bbox 424 4315 2444 4404; baseline 0.001 -24"><span class='ocrx_word' id='word_1_361' title='bbox 424 4331 544 4380; x_wconf 85' lang='lat' dir='ltr'><strong>ant.</strong></span> <span class='ocrx_word' id='word_1_362' title='bbox 594 4318 667 4383; x_wconf 85' lang='grc' dir='ltr'><strong>εὖ</strong></span> <span class='ocrx_word' id='word_1_363' title='bbox 713 4322 1123 4404; x_wconf 81' lang='grc' dir='ltr'><strong><em>πράσσοντας</em></strong></span> <span class='ocrx_word' id='word_1_364' title='bbox 1167 4315 1331 4401; x_wconf 79' lang='grc' dir='ltr'><strong><em>ἆγον</em></strong></span> <span class='ocrx_word' id='word_1_365' title='bbox 1377 4322 1615 4394; x_wconf 87' lang='grc' dir='ltr'><strong><em>οἴκους.</em></strong></span> <span class='ocrx_word' id='word_1_366' title='bbox 1837 4355 1931 4383; x_wconf 44' lang='lat'><strong>24</strong></span> <span class='ocrx_word' id='word_1_367' title='bbox 1968 4356 2060 4381; x_wconf 80' lang='lat'>1-—.</span> <span class='ocrx_word' id='word_1_368' title='bbox 2086 4352 2444 4383; x_wconf 53' lang='lat' dir='ltr'><strong>sso-oo--</strong></span> 
     </span>
     <span class='ocr_line' id='line_1_39' title="bbox 368 4424 3070 4509; baseline 0.001 -22"><span class='ocrx_word' id='word_1_369' title='bbox 368 4437 425 4487; x_wconf 87' lang='lat' dir='ltr'><strong>ct</strong></span> <span class='ocrx_word' id='word_1_370' title='bbox 468 4428 794 4487; x_wconf 87' lang='lat' dir='ltr'><strong>Kirchhoff</strong></span> <span class='ocrx_word' id='word_1_371' title='bbox 849 4437 909 4486; x_wconf 92' lang='lat' dir='ltr'><strong>et</strong></span> <span class='ocrx_word' id='word_1_372' title='bbox 952 4428 1277 4488; x_wconf 83' lang='lat' dir='ltr'><strong>Wecklein</strong></span> <span class='ocrx_word' id='word_1_373' title='bbox 1344 4429 1522 4486; x_wconf 82' lang='lat' dir='ltr'><strong>trium</strong></span> <span class='ocrx_word' id='word_1_374' title='bbox 1585 4429 1960 4507; x_wconf 84' lang='lat' dir='ltr'><strong>syllabarum</strong></span> <span class='ocrx_word' id='word_1_375' title='bbox 2028 4430 2324 4488; x_wconf 89' lang='lat' dir='ltr'><strong>defectum</strong></span> <span class='ocrx_word' id='word_1_376' title='bbox 2387 4430 2732 4509; x_wconf 86' lang='lat' dir='ltr'><strong>praeposito</strong></span> <span class='ocrx_word' id='word_1_377' title='bbox 2800 4436 2937 4487; x_wconf 89' lang='lat' dir='ltr'><strong>ante</strong></span> <span class='ocrx_word' id='word_1_378' title='bbox 2994 4424 3070 4489; x_wconf 84' lang='grc' dir='ltr'><strong>εὖ</strong></span> 
     </span>
     <span class='ocr_line' id='line_1_40' title="bbox 365 4532 3069 4614; baseline -0.001 -22"><span class='ocrx_word' id='word_1_379' title='bbox 365 4532 776 4613; x_wconf 80' lang='grc' dir='ltr'><strong><em>πράσσοντας</em></strong></span> <span class='ocrx_word' id='word_1_380' title='bbox 807 4532 1034 4614; x_wconf 88' lang='lat' dir='ltr'><strong>dactyli</strong></span> <span class='ocrx_word' id='word_1_381' title='bbox 1065 4532 1369 4593; x_wconf 86' lang='lat' dir='ltr'><strong>schemate</strong></span> <span class='ocrx_word' id='word_1_382' title='bbox 1399 4532 1761 4594; x_wconf 88' lang='lat' dir='ltr'><strong>indicarunt.</strong></span> <span class='ocrx_word' id='word_1_383' title='bbox 1792 4534 1940 4592; x_wconf 91' lang='lat' dir='ltr'><strong>mibi</strong></span> <span class='ocrx_word' id='word_1_384' title='bbox 1986 4533 2228 4614; x_wconf 84' lang='lat' dir='ltr'><strong>quidem</strong></span> <span class='ocrx_word' id='word_1_385' title='bbox 2263 4535 2598 4593; x_wconf 89' lang='lat' dir='ltr'><strong>sententiae</strong></span> <span class='ocrx_word' id='word_1_386' title='bbox 2645 4554 2682 4592; x_wconf 92' lang='lat' dir='ltr'><strong>a</strong></span> <span class='ocrx_word' id='word_1_387' title='bbox 2709 4540 2894 4613; x_wconf 87' lang='lat' dir='ltr'><strong>poeta</strong></span> <span class='ocrx_word' id='word_1_388' title='bbox 2925 4533 3069 4593; x_wconf 89' lang='lat' dir='ltr'><strong>satis</strong></span> 
     </span>
    </p>
   </div>
  </div>
 </body>
</html>
