3300 5059
1407 1068 1825 1191 INDEX.

1457 1350 1764 1357 -——.—-----

254 1578 531 1627 Praefatio
628 1611 1338 1628 ...........
1338 1627 1341 1628 ⁷
1395 1611 2452 1630 ...............

261 1663 393 1730 Cap.
432 1664 476 1713 I.
516 1663 657 1723 Quo
719 1662 904 1712 modo
969 1662 1222 1727 dactyli
1270 1667 1330 1714 et
1374 1663 1656 1729 spondei
1715 1680 1827 1729 per
1888 1665 2191 1730 singulos
2250 1648 2451 1732 pedes

402 1750 932 1801 distribuantur?
972 1784 2446 1803 ......................

469 1839 498 1888 Ι
531 1838 599 1888 de
634 1839 795 1889 variis
831 1853 1081 1888 versuum
1116 1838 1548 1892 Theocriteorum
1583 1838 1763 1889 formis
1806 1874 2444 1891 ..........

543 1926 748 1975 formae
781 1941 1031 1978 versuum
1070 1930 1447 1976 enumerantur
1528 1962 2446 1979 ..............

540 2014 831 2063 hexametri
866 2014 1166 2064 Theocritei
1203 2018 1573 2078 comparantur
1609 2029 1730 2063 curn
1768 2014 2010 2064 versibus
2056 2015 2287 2065 heroicis
2324 2014 2452 2065 alio-

608 2115 725 2149 rum
761 2104 1038 2164 poetarum

1113 2136 2451 2155 οοοοοοοοοοοοοοοοοοοο

549 2186 614 2238 de
649 2186 891 2237 versibus
929 2186 1223 2237 carminum
1263 2188 1387 2237 dub.
1428 2189 1544 2253 orig
1547 2223 2454 2241 ..............

480 2275 534 2324 11
573 2273 639 2324 de
675 2274 888 2339 proprio
927 2273 1282 2339 spondeorum
1317 2276 1374 2324 in
1411 2275 1634 2339 singulis
1673 2291 1855 2327 versus
1893 2275 2107 2327 sedibus
2145 2293 2247 2327 usu
2299 2314 2313 2329 .
2367 2314 2378 2328 .
2438 2316 2450 2328 .

549 2376 736 2411 versus
773 2376 806 2410 a
840 2361 981 2411 binis
1019 2362 1269 2426 spondeis
1306 2362 1620 2426 incipientes
1682 2398 2459 2415 ............

547 2466 676 2501 usus
700 2449 936 2515 -spondei
974 2450 1030 2499 in
1066 2450 1200 2515 pede
1237 2451 1406 2502 altero
1472 2489 2111 2503 ..........

989 2574 1021 2600 ‚,
1119 2576 1147 2600 ‚‚
1236 2539 1388 2588 tertio
1472 2574 2458 2591 ...............
2529 2577 2552 2601 „

547 2799 613 2850 de
648 2814 900 2849 versuum
939 2798 1194 2849 clausulis
1259 2837 2456 2858 ...................

549 2885 618 2937 de
654 2886 998 2952 pentametris
1053 2923 2181 2940 .................

270 2975 401 3041 Cap.
438 2975 510 3025 11.
547 2974 639 3025 De
675 2974 977 3024 caesuris
1052 3010 2459 3027 .....................

411 3060 480 3112 de
516 3061 735 3113 sedibus
772 3062 1092 3111 incisionum
1129 3096 2461 3115 ....................

546 3149 698 3200 sedes
735 3164 994 3201 caesurae
1031 3150 1316 3215 primariae

409 3237 475 3287 de
513 3237 751 3289 caesuris
787 3236 938 3303 pedis
976 3238 1121 3287 tertii

549 3339 806 3375 caesurae
842 3323 994 3390 pedis
1030 3324 1174 3374 tertii
1210 3324 1531 3375 adiuvantur
1566 3324 2084 3391 interpunctionibus

548 3412 621 3463 de.
649 3412 857 3463 voculis
893 3412 1274 3477 monosyllabis
1311 3414 1367 3462 in
1403 3413 1509 3464 fine
1546 3415 1737 3479 prioris
1773 3413 2090 3465 hemistichii
2134 3415 2319 3479 positis
2374 3452 2385 3464 .
2448 3452 2457 3463 .
2526 3438 2548 3462 n

409 3502 475 3552 de
514 3514 736 3551 caesura
772 3500 1020 3551 bucolica
1051 3536 2458 3555 .....................

543 3604 732 3638 versus
771 3588 1157 3639 cantilenarum
1194 3589 1542 3653 pastoralium
1580 3591 1657 3640 nil
1696 3590 1947 3641 differunt
1982 3606 2015 3640 a
2053 3592 2241 3641 ceteris
2280 3591 2463 3641 carmi-

617 3692 747 3725 num
783 3675 1148 3727 bucolicorum
1181 3677 1424 3727 versibus
1471 3714 2462 3730 ...............
2534 3715 2555 3737 „

553 3762 777 3829 spondei
813 3772 942 3812 usus
980 3767 1103 3813 ante
1142 3778 1282 3815 caes.
1319 3764 1425 3814 buc
1429 3799 1975 3815 .........

365 3861 370 3864 '
412 3866 637 3903 caesura
672 3850 1041 3901 semiternaria

673 3939 1109 4003 semiseptenaria

674 4026 1103 4077 seminovenaria
1190 4061 2463 4080 ...................

411 4115 478 4166 de
512 4114 1051 4179 interpunctionibus,
1103 4129 1241 4179 quae
1279 4130 1399 4164 cum
1438 4116 1675 4164 caesuris
1711 4117 1949 4166 tractatis
1987 4132 2096 4166 non
2134 4117 2473 4177 conveniunt,

477 4203 572 4253 sed
605 4205 663 4253 in
699 4204 820 4254 aliis
858 4220 1045 4255 versus
1083 4203 1300 4255 sedibus
1339 4208 1519 4254 extant

411 4306 636 4343 caesura
671 4290 822 4357 pedis
861 4293 1034 4357 quarti
1071 4291 1342 4343 trochaica
1401 4326 2463 4344 ................
2534 4324 2557 4349 ,,

271 4378 398 4444 Cap.
435 4379 532 4429 111.
568 4379 641 4429 In
693 4377 1142 4445 producendis
1208 4383 1268 4430 et
1322 4378 1782 4444 corripiendis
1854 4379 2202 4430 vocalibus
2278 4383 2430 4429 ante

408 4470 643 4516 mutam
679 4481 725 4516 c.
763 4466 797 4517 l.
852 4468 1099 4532 positis
1153 4482 1318 4532 quas
1374 4467 1679 4517 rationes
1736 4471 2007 4518 secutus
2069 4468 2155 4517 sit
2215 4466 2427 4517 Theo-

410 4554 655 4604 critus?
732 4591 747 4605 .
794 4598 796 4600 .
801 4587 2422 4607 ........................
2472 4570 2523 4621 p.

2523 2228 2548 2338 ζ
2604 2278 2810 2328 20-40

2751 2366 2816 2413 21
2857 2377 2971 2427 sqq.

2750 2454 2817 2501 24
2854 2466 2967 2516 sqq.

2543 1618 2555 1629 .
2638 1580 2774 1629 1-4

2516 1791 2538 1816 „
2633 1752 2805 1802 5-40

2515 1878 2538 1901 „
2631 1840 2803 1891 5—20

2768 1929 2799 1976 5
2847 1942 2959 1992 sqq.

2744 2104 2808 2154 11
2847 2118 2959 2168 sqq.

2747 2190 2811 2239 19
2882 2204 2961 2253 sq.

2751 2540 2815 2589 27
2854 2554 2965 2603 sqq.

2748 2628 2814 2677 29
2852 2641 2968 2690 sqq.

2751 2717 2819 2765 34

2748 2803 2816 2851 34
2852 2816 2967 2866 sqq.

2530 2924 2553 2949 „
2751 2890 2818 2938 39
2892 2902 2971 2952 sq.

2528 3012 2552 3037 „
2609 2976 2819 3025 41-63

2754 3064 2818 3112 41
2859 3077 2976 3129 sqq.

2756 3150 2826 3201 44
2863 3166 2978 3216 sqq.

2758 3240 2826 3289 46
2863 3254 2981 3304 sqq.

2758 3328 2824 3377 49
2865 3342 2982 3391 sqq.

2761 3415 2829 3464 50
2865 3429 2982 3478 sqq.

2755 3504 2821 3552 52
2858 3517 2921 3566 sq
2935 3517 2983 3565 q.

2756 3677 2823 3726 54

2756 3765 2822 3813 55
2866 3778 2984 3827 sqq.

2759 3852 2826 3900 58

2755 3937 2824 3987 58
2899 3950 2979 4000 sq.

2755 4028 2822 4076 59
2896 4039 2975 4088 sq.

2758 4202 2825 4249 60
2898 4216 2977 4266 sq.

2756 4290 2820 4337 61
2895 4303 2977 4354 sq.

2614 4556 2821 4606 64—96
