3300 5059
541 1262 754 1367 OAPU'F
781 1264 1054 1368 PRIMUM.

210 1518 387 1577 Diutissime
420 1539 486 1579 cum
518 1522 577 1579 iam
610 1522 678 1580 aliis
711 1522 783 1581 artis
813 1520 989 1601 philologae
1026 1520 1195 1600 disciplinis
1227 1520 1309 1581 clara
1341 1542 1470 1583 accensa

124 1631 204 1682 esset
236 1622 298 1696 lurr,
331 1643 379 1682 res
412 1625 534 1685 metrica
557 1634 716 1704 poetarum
739 1636 875 1686 veterum
899 1634 988 1687 nocte
1020 1625 1186 1704 caliginosa
1212 1646 1316 1705 pressa
1344 1629 1471 1704 iacebat,

122 1747 219 1807 usque
250 1726 322 1791 dum
343 1727 526 1789 Ricardus
548 1730 710 1812 Bentley
737 1752 849 1790 novam
875 1730 1013 1810 nullique
1036 1737 1215 1809 temptatam
1237 1730 1319 1791 viam
1342 1732 1413 1792 iniit
1435 1733 1467 1791 in

122 1831 352 1907 schediasmate,
377 1832 458 1913 quod
488 1833 527 1895 de
549 1836 686 1895 Terentii
709 1836 811 1896 metris
839 1835 1015 1915 conscripsit
1037 1829 1163 1917 (1726).
1195 1854 1376 1913 quamquam
1398 1855 1472 1904 vero

122 1938 171 1996 vir
202 1938 377 2016 ingeniosus
409 1937 448 1998 ad
481 1939 661 2000 comicorum
683 1940 863 1999 Latinorum
893 1940 1078 2022 simpliciora
1108 1946 1226 1999 tantum
1258 1938 1348 2001 modo
1376 1948 1474 2006 metra

123 2041 256 2101 animum
279 2042 461 2117 adverterat,
486 2052 587 2104 tamen
610 2044 771 2105 universae
795 2044 950 2105 doctrinae
972 2045 1115 2105 metricas
1138 2042 1220 2103 haud
1235 2064 1343 2124 parum
1358 2045 1471 2125 profuit

123 2154 222 2207 tactus
245 2145 397 2226 quandam
426 2148 672 2229 aequabilitatem
695 2157 839 2224 statuens,
862 2150 906 2210 ita
928 2158 962 2209 ut
989 2149 1085 2209 tribus
1107 2149 1140 2208 in
1162 2149 1307 2225 trimetro,
1332 2158 1474 2229 quattuor

122 2253 154 2311 in
186 2248 360 2311 tetrametro
391 2252 500 2313 ictibus
532 2254 702 2314 constitutis
741 2255 822 2314 inter
853 2254 990 2333 singulos
1021 2262 1163 2314 accentus
1193 2274 1298 2334 parem
1331 2239 1473 2334 temporis
1506 2281 1508 2284 ·

123 2375 295 2416 mensuram
327 2356 507 2416 servandam
532 2378 605 2443 esse
638 2360 754 2439 primus
787 2359 920 2419 doceret.
958 2368 1091 2419 attamen
1124 2358 1163 2420 de
1195 2357 1380 2419 Graecorum
1411 2366 1476 2423 arte.

123 2461 248 2520 metrica
262 2460 416 2541 plurimas,
440 2483 478 2522 ne
496 2462 603 2539 dicam,
628 2484 732 2525 omnes
748 2463 914 2524 subtilioris
935 2463 1090 2525 doctrinae
1105 2463 1227 2543 regulas
1242 2462 1471 2541 investigandas

123 2566 325 2644 posteriorum
347 2568 477 2646 ingeniis
499 2569 632 2648 reliquit.
656 2569 709 2629 sed
733 2589 834 2651 neque
856 2568 912 2642 illi,
936 2569 987 2648 qui
1010 2569 1042 2627 in
1065 2567 1190 2629 edendis
1207 2566 1391 2628 Graecorum
1414 2576 1473 2629 tra·

124 2670 240 2749 goediis
272 2692 342 2731 casu
373 2675 474 2752 potius
503 2694 592 2753 quam
616 2674 686 2734 data
715 2695 807 2755 opera
831 2674 871 2733 ad
893 2675 968 2734 baec
990 2673 1089 2735 studia
1112 2672 1309 2751 ducebantur,
1343 2674 1476 2734 metricis

125 2774 305 2856 quibusdam
337 2785 367 2837 st
397 2778 582 2856 prosodiacis
610 2779 722 2838 normis
750 2780 919 2839 constitutis
943 2777 1028 2838 aliud
1052 2779 1215 2860 quicquam
1238 2778 1373 2840 adsecuti
1394 2787 1475 2853 sunt,

124 2900 214 2957 quam
250 2890 284 2939 ut
307 2880 434 2962 syllabis
456 2881 554 2961 longis
586 2881 789 2963 brevibusque
817 2883 943 2962 signatis
970 2891 1077 2966 poetas
1104 2884 1136 2943 in
1159 2884 1284 2944 canticis
1305 2881 1475 2963 pangendis

125 2985 226 3045 metris
251 2985 429 3064 quibusdam
452 3006 521 3046 usos
545 3007 610 3047 esse
633 2986 784 3063 docerent,
811 3006 911 3067 neque
936 2988 1051 3047 Porson
1074 2986 1201 3045 multum
1223 2986 1338 3065 profuit
1358 2984 1475 3045 melicis

125 3090 298 3170 systematis
313 3091 425 3169 regulis
442 3090 568 3167 duabus,
585 3113 660 3172 quas
676 3101 795 3151 secutus
812 3092 928 3151 curavit
942 3091 1082 3171 primum,
1096 3098 1130 3150 ut
1145 3089 1285 3170 quodque
1301 3108 1421 3149 carmen
1436 3088 1474 3149 ad

124 3202 196 3253 nota
227 3202 258 3255 et
288 3194 386 3274 poetis
418 3194 522 3275 lyricis
549 3196 669 3272 usitata,
702 3198 727 3255 si
754 3196 845 3255 facile
867 3196 940 3255 fieri
955 3203 1066 3277 posset,
1099 3213 1241 3255 versuum
1263 3214 1376 3274 genera
1396 3194 1480 3270 redi-¹

124 3281 256 3379 geretur3
288 3298 397 3359 deinde
428 3307 462 3359 ut
493 3299 599 3359 eadem
631 3310 683 3361 aut
714 3301 822 3361 similis
851 3320 991 3361 versuum
1023 3299 1139 3381 species
1173 3319 1263 3381 quam
1297 3301 1474 3381 saepissime

125 3399 335 3487 recurrerct1).
371 3402 445 3484 quid
477 3403 558 3484 quod
584 3405 636 3465 vel
659 3404 892 3466 Godofredus
915 3405 1111 3480 Hermann,
1145 3425 1237 3479 ,unus
1262 3404 1320 3465 ille
1338 3406 1398 3481 vir,
1425 3407 1477 3486 qui

125 3507 164 3568 ab
187 3507 355 3568 instaurata
377 3516 442 3569 arte
463 3510 589 3569 metrica
611 3509 726 3569 clarum
749 3509 787 3569 ad
809 3510 1016 3590 posteritatem
1032 3508 1157 3570 babebit
1171 3504 1339 3595 nomen’l),
1362 3511 1477 3593 quippe

126 3612 179 3692 qui
213 3613 329 3693 primus
361 3613 534 3673 universam
563 3614 730 3675 doctrinam
757 3615 795 3676 ad
824 3614 983 3676 severioris
1006 3615 1078 3675 artis
1100 3614 1185 3694 leges
1209 3612 1360 3694 redigeret
1383 3625 1415 3675 et
1437 3615 1476 3677 sd

127 3718 236 3777 iustam
264 3717 412 3778 rationem
435 3727 601 3794 revocaret,
634 3719 711 3779 nihil
733 3729 866 3781 moratus
889 3728 1026 3780 veterum
1048 3718 1287 3799 rhythmicorum
1308 3728 1474 3800 praecepta

126 3821 198 3881 satis
220 3822 304 3880 tenui
326 3841 425 3901 aquae
448 3841 527 3883 vena
549 3831 621 3884 tunc
643 3826 787 3904 temporis
810 3824 934 3884 fluentia
956 3844 995 3885 ex
1017 3824 1128 3904 amplo,
1155 3824 1279 3883 minime
1302 3842 1374 3884 vero
1396 3844 1474 3904 puro

126 3926 210 3986 fonte
231 3925 340 4002 hausit,
364 3928 521 4007 inprimis
545 3948 584 3987 ex
606 3928 835 4009 Hephaestione
860 3938 891 3989 et
913 3929 1031 3990 Latinis
1052 3929 1097 3988 rei
1112 3929 1255 3989 metricae
1270 3927 1474 4007 scriptoribus,

127 4029 209 4090 unde
235 4032 281 4090 in.
296 4033 479 4092 canticorum
506 4034 609 4093 metris
635 4033 791 4113 signandis
819 4034 1000 4093 monosemis
1023 4032 1205 4113 disemisque
1227 4032 1326 4092 solum
1348 4031 1476 4111 syllabis

132 4135 243 4215 agnitis
271 4136 444 4197 numeravit
465 4137 567 4217 potius
589 4137 724 4219 syllabas
747 4158 838 4218 quam
860 4158 1001 4199 numeros
1023 4138 1174 4199 dimensus
1197 4146 1252 4199 est.
1284 4157 1344 4216 qno
1365 4138 1477 4198 facturn

215 4412 234 4481 ¹)
254 4414 295 4465 Ol.
313 4415 396 4481 praef.
416 4416 451 4467 ad
467 4415 532 4468 Eur.
552 4415 618 4469 Heo.
637 4434 662 4483 p.
680 4416 720 4467 XI
738 4416 779 4470 ed.
798 4416 877 4482 Angl.

213 4498 236 4569 ²)
255 4500 295 4553 Of.
315 4500 418 4553 Seidler
431 4501 465 4553 de
484 4519 551 4571 vers.
570 4504 674 4557 doehm.
693 4504 715 4559 1.
733 4520 758 4569 p.
779 4504 852 4556 VIII.

191 4586 244 4621 ms..
256 4588 304 4630 pau.
317 4588 376 4623 vus.
388 4588 402 4623 1.
