3300 5059
381 280 504 338 326

379 478 695 551 praeterea
720 513 729 518 -
759 442 1027 528 eiusdem
1090 487 1346 527 scaenae
1410 488 1615 529 versus
1683 467 1789 527 ille
1844 473 2003 527 ‘nam
2052 512 2066 526 .
2117 517 2131 531 .
2183 515 2196 528 .
2245 464 2545 549 eph‘ebis',
2613 477 2680 527 ut
2725 469 2828 548 qui
2897 468 3060 527 totius

383 575 640 635 Simonis
680 574 1041 635 narrationis
1084 573 1268 632 faciat
1301 572 1633 653 exordium,
1684 573 1902 632 citatur
1947 572 2023 631 de
2052 572 2183 632 inv.
2217 573 2251 631 I
2284 576 2385 654 19,
2423 574 2529 647 27,
2582 573 2689 633 ubi
2736 574 3064 653 exemplum

387 683 624 739 adferre
688 679 820 739 vult
864 679 1071 739 [licere
1137 679 1518 754 narrationis,
1586 697 1744 757 quae
1803 678 1867 736 in
1915 669 2289 757 argumente,
2337 678 2376 740 i.
2429 697 2482 737 e.
2528 677 2590 736 in
2654 697 2720 736 re
2783 678 2923 737 ficta
2980 687 3064 737 est

387 787 600 867 punita.
652 774 991 863 sudemque
1027 782 1205 842 modo
1252 780 1416 843 actus
1446 783 1495 842 Ι.
1531 802 1789 843 scaenae
1832 775 1918 842 Π.
1952 783 2192 864 saepius
2237 782 2304 841 fit
2349 783 2604 844 mentio:
2652 782 2878 842 etenim
2909 780 3060 842 Simo

383 895 644 971 Durum,
712 911 948 947 servum
1014 886 1483 963 callidissimum,
1567 886 1642 947 de
1704 888 1814 947 filii
1879 888 2128 948 consilio
2204 876 2617 967 percontatur;
2686 888 2792 947 ille
2867 897 3059 947 autem

379 999 564 1055 variis
632 995 982 1075 amhagibus
1058 992 1367 1053 dominum
1438 991 1637 1053 studet
1711 992 1993 1072 effugere.
2071 994 2281 1072 itaque
2357 1013 2493 1052 cum
2561 991 2725 1053 Simo
2751 1000 2768 1031 ⁵
2791 992 3061 1053 dixisset:

383 1107 596 1159 *meum
644 1103 888 1179 gnatum
936 1117 1135 1160 rumor
1180 1100 1270 1159 est
1315 1099 1550 1180 amare',
1635 1098 1810 1178 quasi
1874 1097 1990 1158 hac
2054 1118 2121 1157 re
2173 1118 2412 1159 servum
2476 1097 2666 1158 vellet
2713 1100 3065 1179 opprimere,

375 1207 483 1263 illu
528 1207 776 1267 subicit:
828 1207 908 1263 ‘id
956 1203 1218 1284 populus
1262 1211 1431 1263 curat
1476 1200 1726 1263 'scilicet'
1777 1199 1836 1285 (Ι
1883 1205 1942 1277 2,
1993 1198 2122 1285 14).
2173 1201 2334 1283 quod
2379 1203 2542 1263 Davi
2612 1224 2963 1285 responsum
3004 1206 3065 1264 in

379 1331 552 1371 suum
600 1311 896 1371 convertit
944 1306 1155 1367 Cicero
1201 1328 1374 1368 usum
1422 1304 1660 1367 ad'Att.
1693 1308 1863 1367 XIII
1910 1310 1991 1367 34
2037 1305 2156 1390 (‘tu
2199 1307 2383 1367 velim
2418 1354 2434 1370 .
2469 1353 2486 1372 .
2520 1355 2534 1369 .
2567 1309 2721 1369 illud
2766 1310 2828 1369 in
2864 1311 3067 1390 primis

383 1439 516 1475 cum
563 1415 828 1475 Publilio
876 1432 970 1473 1116
1016 1412 1265 1486 absente
1312 1412 1630 1487 conficias,
1672 1412 1751 1472 de
1796 1433 1915 1493 quo
1963 1432 2118 1493 quae
2163 1413 2326 1471 fama
2370 1414 2451 1473 sit
2493 1414 2714 1475 scribe:
2792 1413 2875 1474 ‘id
2923 1458 2936 1475 .
2985 1461 2996 1473 .
3050 1460 3064 1473 .

379 1523 644 1579 scilicet*-
692 1539 812 1579 nun
860 1516 1198 1577 mehercule
1244 1514 1561 1590 arbitror').
1623 1515 2013 1596 eiusdemque
2058 1535 2314 1576 scaenae
2375 1536 2615 1577 versum
2659 1518 2911 1604 XVIII,
2956 1542 3072 1601 quo

379 1627 540 1687 ffirnu
588 1635 820 1703 tempus
888 1643 1016 1683 esse
1061 1622 1241 1697 dicit,
1289 1631 1357 1682 ut
1400 1621 1559 1683 filius
1604 1642 1854 1683 uxorem
1903 1622 2101 1696 ducat,
2171 1619 2482 1701 aptissime
2528 1632 2953 1685 commemorat
2994 1626 3069 1685 ad

379 1735 520 1791 futu.
572 1731 704 1791 ΕΠ
748 1731 848 1803 25,
900 1731 967 1789 5:
1017 1727 1143 1788 ‘sed
1174 1718 1493 1788 redeamus
1523 1727 1688 1803 illuc,
1736 1727 1898 1788 unde
1930 1727 2319 1788 devertimus.
2368 1728 2600 1809 accipio
2633 1730 3074 1791 excusationem

387 1847 552 1895 tuum
600 1835 676 1895 de
712 1834 1080 1915 Sempronio.
1128 1829 1327 1913 neque
1374 1834 1531 1893 enim
1579 1835 1789 1894 statuti
1836 1833 1983 1913 quid
2039 1835 2102 1893 in
2144 1841 2314 1893 tanta
2355 1833 2810 1915 perturbatione
2854 1835 3077 1896 habere

379 1943 624 2023 patuisti
672 1939 920 2023 (scriptu
966 1940 1124 2005 enim
1174 1947 1263 1999 est
1305 1937 1455 2000 haec
1501 1938 1760 2020 epistula
1804 1959 1856 1997 a.
1907 1935 2179 2023 711s43)

864 2076 1007 2111 1111116
1041 2058 1129 2111 hic
1167 2059 1279 2111 dies
1316 2056 1480 2111 aliam
1518 2061 1690 2111 uitam
1728 2059 1924 2123 adfert,
1960 2056 2096 2110 alios
2137 2075 2312 2111 mores
2349 2058 2623 2125 postulat)

387 2171 648 2251 denique
692 2191 800 2251 pru
848 2167 1015 2227 Cael.
1051 2170 1152 2242 25,
1203 2171 1281 2228 61
1331 2166 1616 2229 versiculi
1661 2186 1802 2247 pars
1848 2167 2108 2249 citatur,-
2147 2186 2302 2247 quae
2342 2158 2422 2226 'in
2466 2167 2857 2249 proverbium
2903 2169 3075 2229 vide-

379 2287 475 2335 tur
524 2271 828 2355 emissust)
880 2275 964 2331 itu
1006 2280 1076 2331 ut
1118 2273 1297 2333 facile
1343 2272 1586 2333 Tullius
1634 2270 1713 2331 ad
1776 2271 1928 2350 haec
1971 2272 2160 2334 verba
2213 2271 2501 2333 adludere
2563 2274 2849 2353 potuerit.
2907 2272 3075 2334 Simo

383 2383 560 2451 11111111,
616 2403 744 2439 uum
776 2379 1181 2459 u-umperisset‚
1230 2379 1361 2458 quis
1394 2386 1549 2438 esset
1593 2378 1766 2457 virgo
1812 2377 1921 2437 illa
1953 2377 2396 2452 venustissima,
2435 2384 2606 2457 'quae
2653 2379 2716 2438 in
2752 2378 3076 2458 Chrysidis

379 2487 684 2563 prodierat
728 2487 924 2563 funus,
974 2502 1039 2543 se
1084 2484 1287 2544 statim
1329 2482 1441 2542 filii
1485 2482 1771 2542 maeroris
1819 2502 2059 2543 causam
2104 2483 2487 2563 perspexisse
2539 2483 2650 2545 ait:

1105 2664 1117 2676 ·
1534 2638 1549 2654 .
1588 2640 1601 2653 .
1639 2607 1776 2653 attat
1815 2603 1917 2653 hoc
1954 2599 2090 2652 illud
2129 2607 2226 2667 est,

864 2691 987 2742 hinc
1023 2686 1152 2740 illae
1188 2688 1477 2761 lacrumae,
1515 2690 1652 2740 haec
1685 2687 1828 2740 illast
1865 2687 2228 2741 misericdrdia
2265 2689 2313 2757 (Ι
2355 2691 2400 2754 1,
2437 2690 2504 2741 98
2523 2691 2642 2758 sq.).

379 2799 455 2859 de
495 2799 632 2859 aliis
680 2819 752 2859 61
786 2797 1227 2871 Andria-locis,
1276 2797 1381 2877 qui
1411 2795 1687 2883 Ciceroni
1729 2795 1805 2856 ob
1855 2795 2060 2857 oculos
2093 2797 2318 2856 versati
2352 2816 2484 2858 esse
2531 2795 2832 2878 videntur,
2879 2798 3076 2878 paulo

379 2915 516 2983 pust
564 2903 864 2983 agundum
916 2902 1043 2960 [erit.
2843 2893 2850 2899 ’

592 3011 888 3091 Sequitur,
924 3015 989 3067 ut
1020 3026 1195 3085 agam
1227 3004 1302 3065 de
1332 3005 1710 3081 Eunucho,
1754 3026 1936 3086 quam
1967 3005 2117 3066 adeo
2166 3007 2465 3086 placuisse
2488 3008 2722 3088 populo
2758 3006 3097 3069 Suetonius

379 3115 582 3195 trudit,
634 3123 696 3171 ut
744 3135 812 3175 eu
860 3111 976 3191 diu,
1029 3132 1143 3191 quo
1176 3112 1237 3170 in
1272 3131 1548 3173 scaenam
1582 3113 1765 3172 missa
1798 3121 1905 3185 est,
1955 3111 2048 3171 bis
2080 3121 2359 3191 ageretur
2389 3121 2764 3193 mereretque
2795 3115 3095 3193 pretium,

379 3227 668 3299 quantum
716 3219 884 3279 nullu
932 3225 1109 3277 antea
1158 3216 1509 3298 cuiusquam
1555 3217 1781 3301 fabula,
1830 3216 1892 3276 id
1936 3225 2027 3277 est
2072 3226 2202 3277 octo
2231 3218 2406 3281 milia
2435 3238 2832 3279 nummorum.
2881 3240 3099 3299 neque

383 3323 776 3383 dubitandum
828 3331 932 3395 est,
982 3323 1125 3402 quin
1158 3342 1247 3408 ,ea
1279 3324 1460 3384 etiam
1500 3322 1805 3383 Ciceronis
1850 3329 2052 3382 aetate
2097 3343 2382 3402 magnum
2415 3324 2772 3384 excitaverit
2803 3333 3096 3403 spectan-

379 3435 524 3491 tium
576 3431 876 3509 plausum.
924 3428 1019 3487 uui
1062 3428 1151 3487 rei
1195 3427 1553 3489 documento
1596 3448 1854 3507 magnus
1903 3436 1995 3488 est
2035 3447 2316 3489 versuum
2360 3448 2661 3504 numerus,
2712 3449 2888 3509 quem
2938 3429 3101 3490 inde

383 3539 560 3615 petiit
592 3533 824 3595 Cicero.
872 3534 1130 3596 maxime
1177 3540 1377 3593 autem
1418 3533 1655 3593 videtur
1703 3532 2033 3593 delectatus
2081 3554 2210 3595 esse
2256 3534 2561 3595 nonnullis
2605 3534 2773 3609 locis,
2821 3536 2927 3614 qui
2982 3544 3101 3595 aut

383 3643 600 3719 insigni
652 3651 788 3699 suut
832 3637 1280 3719 pulchritudine
1324 3639 1565 3717 poetica
1618 3646 1723 3697 aut
1765 3657 1913 3717 rem,
1972 3636 2046 3697 de
2093 3659 2215 3719 qua
2261 3640 2474 3718 agitur,
2531 3641 2761 3721 optime
2807 3645 2869 3697 et
2916 3659 3095 3698 com-

383 3743 724 3803 mudissime
768 3743 1110 3803 absolvunt.
1161 3750 1340 3823 atque
1386 3742 1623 3801 initium
1669 3741 1885 3825 ipsum,
1934 3744 1996 3802 in
2031 3764 2148 3823 quo
2181 3742 2522 3803 Phaedriae
2554 3745 2805 3804 amantis
2840 3744 3103 3804 animus

383 3859 712 3907 summotus
760 3871 940 3927 quun]
985 3848 1295 3907 verissime
1343 3845 1710 3927 depingitur,
1760 3847 1968 3908 Cicero
2015 3850 2077 3907 in
2123 3857 2327 3933 mente
2373 3848 2585 3917 habuit
2629 3848 2704 3909 de
2749 3857 2874 3910 nat.
2910 3848 3103 3910 deor.

383 3955 479 4015 111
536 3955 628 4027 1⁴3,
684 3959 784 4019 ΤΞ,
836 3961 971 4011 sunt
1017 3954 1175 4012 enim
1222 3952 1413 4013 verba
1457 3951 1633 4014 haec:

760 4095 908 4159 *quid
948 4090 1104 4159 igitur
1139 4092 1371 4143 faciam?
1408 4090 1518 4143 11611
1556 4093 1710 4143 eam?
1748 4107 1817 4141 ne
1854 4090 1997 4142 minc
2041 4092 2254 4158 quidem

760 4199 880 4231 1111111
916 4180 1164 4238 accersor
1198 4182 1382 4232 ultro?
1419 4196 1487 4231 an
1526 4178 1706 4246 petius
1745 4181 1822 4230 ita
1860 4195 1944 4229 me
1982 4178 2304 4245 cdmparem,

764 4287 864 4319 uun
908 4268 1114 4335 perpeti
1149 4266 1491 4319 meretricum
1530 4264 1929 4319 contumelias?

760 4355 1006 4409 exclusit:
1044 4354 1579 4412 reuocatzredeam?
1619 4371 1746 4418 non,
1783 4358 1831 4412 si
1865 4370 1951 4404 me
1991 4354 2233 4407 obsecret
2269 4352 2320 4421 (Ι
2364 4358 2409 4418 1,
2453 4359 2476 4406 1
2514 4355 2667 4421 sqq.).

592 4587 628 4651 ²}
668 4587 744 4635 Cf.
788 4587 944 4635 etium
982 4586 1117 4635 Hor.
1150 4585 1286 4651 Epp.
1324 4586 1350 4634 I
1393 4588 1468 4650 16,
1512 4586 1595 4635 41.
