3300 5059
179 232 239 291 190

176 424 231 485 καὶ
259 424 334 486 οὔτε
359 420 418 502 τὴν
446 418 548 501 αὐτὴν
571 417 633 501 ἔχει
656 417 796 499 δύναμιν
819 420 885 480 οὔτ’
903 416 938 480 ἐν
960 418 1068 499 λόγοις
1088 420 1194 493 ψιλοῖς
1215 416 1281 479 οὔτ’
1298 412 1334 477 ἐν
1353 412 1531 494 ποιήμασιν

176 527 197 609 ἢ
217 528 324 609 μέλεσι
347 525 401 588 dod
428 523 565 606 ῥυθμῶν
589 522 609 605 ἢ
630 522 759 605 μέτρων
781 521 1109 603 κατασκευαζομένοις
1123 527 1210 583 πᾶσα
1224 522 1358 604 βραχεῖα
1373 517 1427 579 καὶ
1442 522 1530 578 πᾶσα

177 631 293 715 μακρά.
317 650 372 690 nec
395 650 456 689 non
479 623 517 689 ab
541 648 644 690 eorum
666 637 753 706 parte
773 636 833 686 stat
849 621 1084 705 Hephaestionis
1106 625 1268 685 scholiasta
1283 624 1358 683 haec
1373 623 1529 703 profereus

178 758 208 817 p.
232 738 272 797 93
296 735 346 798 W.
375 732 497 813 Ἰστέον
518 731 555 794 dd
579 732 628 795 ότι
651 733 754 805 ἄλλως
779 730 981 813 λαμβάνουσι
1010 729 1088 805 τοὺς
1113 730 1252 812 χρόνους
1278 727 1310 791 οὶ
1331 726 1475 811 μετρικοὶ
1496 729 1530 809 ἤ-

176 862 260 922 γουν
293 838 325 902 οὶ
357 836 582 921 γραμματικοί,
616 835 670 897 καὶ
701 837 805 908 ἄλλως
836 833 868 897 οὶ
905 831 1069 916 ῥυθμικοὶ.
1104 834 1135 897 οὶ
1162 831 1377 918 γραμματικοὶ
1405 829 1531 894 ἐκεῖνον

179 943 306 1027 μακρὸν
326 943 447 1025 χρόνον
469 938 655 1003 ἐπίστανται
680 938 740 1002 τὸν
761 937 876 1019 ἔχοντα
899 939 960 1002 δύο
982 939 1132 1022 χρόνους,
1163 939 1217 1001 καὶ
1241 937 1280 1002 οὐ
1303 936 1532 1018 καταγίνονται

179 1050 225 1124 είς
254 1048 364 1131 μειῖόν
393 1063 438 1107 τι·
463 1044 495 1107 οὶ
522 1043 558 1107 δὲ
581 1042 736 1126 ῥυθμικοὶ
758 1043 889 1125 λέγουσι
911 1042 986 1106 τόιὶε
1008 1038 1093 1105 εἶναι
1114 1043 1317 1126 μακρότερον
1339 1038 1448 1118 rodda,
1471 1038 1527 1122 φά-

180 1170 312 1227 σκοντες
332 1150 391 1232 τὴν
412 1149 473 1231 μὲν
497 1156 565 1211 τῶν
592 1150 761 1231 συλλαβῶν
790 1143 874 1212 εὶναι
897 1147 958 1211 too
980 1147 1111 1229 ἡμίσεος
1132 1149 1272 1231 χρόνων,
1293 1146 1353 1229 τὴν
1375 1144 1411 1208 δὲ
1433 1151 1532 1229 τριῶν

178 1257 238 1339 τὴν
271 1256 307 1319 dd
338 1255 514 1318 πλειόνων·
555 1252 629 1318 οὶον
663 1252 724 1337 slya
757 1273 802 1327 ως
837 1252 870 1315 οὶ
892 1252 1118 1336 ·;γραμματικοὶ
1144 1252 1278 1335 ’λέγουσι
1312 1250 1373 1314 ιὶόο
1404 1250 1532 1333 χρόνων

182 1356 277 1440 εἶναι,
311 1358 343 1422 οὶ
373 1358 410 1421 dd
442 1356 598 1440 ῥυθμικοὶ
620 1356 681 1420 δύο
703 1355 848 1439 ἡμίσεος·
880 1355 941 1418 ιὶόο
971 1356 1031 1439 μὲν
1057 1366 1116 1420 τοῦ
1141 1379 1166 1419 ω
1189 1340 1327 1439 μακροῦ,
1356 1354 1533 1439 ἡμίχρονον

180 1457 217 1527 δὲ
238 1464 276 1527 τὸ
300 1478 333 1526 σ·
357 1457 424 1526 πᾶν
444 1464 508 1546 γὰρ
532 1462 711 1545 σύμφωνον
733 1450 859 1543 λέγεται
881 1458 965 1543 ἔχειν
987 1448 1186 1544 ἡμιχρόνιον.
1302 1445 1306 1453 ,
1396 1478 1400 1484 ·
1648 1448 1649 1453 ἵ

287 1568 389 1648 Atque
413 1588 480 1628 cum
501 1567 560 1627 hac
583 1566 719 1627 doctrina
742 1568 854 1647 optime
878 1576 1056 1645 congruunt,
1080 1586 1159 1646 quae
1178 1566 1223 1625 rei
1239 1566 1381 1625 metricae
1397 1572 1532 1624 auctores

181 1664 285 1735 Latini
308 1673 347 1733 de
369 1692 509 1733 mensura
531 1671 724 1753 syllabarum·
740 1672 898 1749 longarum
920 1670 1007 1731 nobis
1029 1669 1162 1753 tradunt,
1188 1670 1268 1730 inter
1297 1690 1371 1749 quos
1394 1678 1428 1729 ut
1450 1667 1532 1727 lucu·

185 1779 369 1839 lentissimae
401 1776 439 1838 de
474 1777 534 1837 bae
568 1796 601 1837 re
633 1775 835 1836 nominandus
868 1783 913 1835 est
943 1775 1029 1835 testis
1062 1776 1198 1835 Marius
1229 1776 1445 1837 Victorinus
1475 1772 1533 1848 VI,

184 1883 215 1964 pss
234 1881 276 1944 39
296 1884 339 1943 Κ.
363 1882 485 1959 ,Musici
508 1882 560 1961 qui
582 1892 752 1961 temporum
775 1879 908 1940 arbitrio
923 1879 1057 1960 syllabas
1082 1880 1280 1955 committunt,
1303 1881 1334 1939 in
1356 1877 1534 1959 rhythmicis
1648 1884 1649 1931 ζ

186 1986 441 2049 modulationibus
473 1994 525 2046 aut
555 1987 661 2066 lyricis
691 1985 880 2045 cantionibus
904 2004 960 2065 per
983 1986 1138 2046 circuitum
1160 1984 1280 2064 longius
1304 1993 1445 2046 extentae
1467 2002 1533 2062 pro·
1648 2016 1649 2037 ι

185 2091 382 2153 nuntiationis
412 2102 475 2150 tam
505 2090 604 2169 longis
635 2090 785 2169 longiores
818 2108 907 2169 quam
931 2109 1033 2150 rursus
1059 2109 1114 2170 per
1137 2083 1357 2170 correptionem
1377 2088 1533 2150 breviores

188 2194 330 2260 bissibus
354 2197 521 2276 proferunt.
545 2193 686 2255 adierunt
707 2195 798 2255 etiarn
822 2194 970 2274 exempla,
995 2213 1072 2274 quae
1094 2194 1126 2253 in
1146 2190 1278 2255 metricis
1292 2195 1419 2275 pedibus
1435 2212 1536 2259 secum

182 2304 305 2377 faciant,
340 2300 553 2361 adserentes
580 2299 793 2360 accessione
825 2299 1108 2359 consonantium
1133 2308 1312 2360 momenta
1334 2289 1537 2380 temporum

184 2404 365 2478 crescere,
403 2404 557 2485 tamquam
588 2403 859 2464 Thessandrus:
893 2411 1013 2463 constat
1044 2403 1159 2463 duobus
1190 2404 1341 2483 positione
1372 2405 1470 2485 longis
1505 2413 1537 2465 et

183 2511 271 2573 brevi
300 2509 421 2585 ultimsq'
448 2512 501 2591 qui
531 2508 573 2569 fit·
591 2530 645 2589 pes
670 2508 920 2590 palimbacchius.
954 2509 1042 2570 buius
1068 2510 1195 2590 primam
1227 2512 1378 2592 positione
1411 2512 1535 2590 longam

186 2626 324 2699 correpta
355 2637 374 2679 e
404 2616 508 2676 littera
539 2634 606 2675 esse
631 2615 824 2675 manifestum
856 2623 911 2691 est,
928 2612 1034 2695 'quam
1062 2616 1088 2676 si
1110 2616 1299 2695 produxeris,
1330 2625 1364 2675 ut
1385 2615 1536 2677 interdum
1638 2618 1639 2621 ’

188 2726 280 2785 etiam
311 2722 430 2783 metrici
458 2720 659 2795 iaciuntur
689 2742 744 2802 pro
776 2741 795 2783 e
821 2744 843 2804 q
871 2740 978 2799 graeca
1004 2718 1107 2781 littera
1138 2720 1287 2803 audiatur,
1320 2740 1398 2802 quae
1420 2740 1538 2801 sempor

185 2827 295 2891 natura
325 2827 418 2907 longa
445 2834 499 2902 ast,
531 2826 575 2901 fit,
607 2834 641 2886 ut
667 2826 760 2886 etiam
786 2824 1048 2887 accedentibus
1080 2806 1218 2886 duabus
1250 2825 1539 2887 consonantibus
1648 2874 1649 2887 ,

184 2929 328 3014 longior
359 2932 620 3015 prolixiorque
642 2930 828 3007 videntum
863 2933 978 3012 quippe
1010 2951 1077 2991 cum
1114 2932 1204 2992 trium
1239 2942 1407 3014 temporum
1440 2932 1538 3011 spatio

186 3048 275 3100 aucta
297 3040 345 3116 sit,
370 3039 450 3119 qaae
472 3037 564 3098 duum
588 3038 695 3111 fuerat,
718 3058 786 3097 oum
809 3046 889 3099 esset
910 3058 965 3117 per
980 3046 1180 3117 e'correptam
1197 3058 1305 3099 noman
1322 3026 1442 3098 elatum.
1466 3024 1539 3095 item
1648 3052 1649 3071 ι

187 3141 646 3227 ἀμφιεσμένοςῑήμφιεσμένος,
666 3143 746 3222 quod
763 3143 793 3202 in
811 3152 906 3202 metro
924 3138 1005 3223 apud
1021 3141 1153 3203 Graecos
1168 3144 1341 3223 frequenter
1356 3142 1537 3202 invenimus.

186 3248 278 3308 habet
300 3250 380 3308 enim
404 3256 435 3307 et
457 3247 495 3307 de
517 3257 625 3308 natsrra
647 3255 678 3305 et
701 3245 910 3327 depositione
934 3246 1078 3325 longioris
1097 3246 1236 3325 syllabae
1257 3241 1494 3307 incrementum!

264 3350 393 3439 'Agmcn
415 3354 678 3431 grammaticorum
699 3350 758 3409 hac
777 3350 814 3409 de
834 3371 868 3409 re
889 3350 1107 3429 disputantium
1128 3350 1273 3411 claudant
1287 3330 1484 3432 Pompeius
1508 3358 1538 3408 et
1648 3340 1649 3397 3

187 3457 408 3539 Priscianus,
431 3477 558 3536 quorum
580 3452 931 3535 prior1de'syllabarum
953 3453 1111 3533 longarum
1134 3455 1538 3537 rationeprosodiaca'haec

187 3561 259 3621 facit
271 3560 409 3636 verbaV,
420 3582 450 3641 p.
463 3564 536 3635 113,
550 3560 637 3621 5K.:
655 3558 751 3633 ,Illud
766 3558 857 3619 etiam
873 3560 1009 3639 sequitur
1025 3579 1090 3620 esse
1106 3554 1223 3640 aliquas
1238 3562 1370 3637 syllabas
1385 3558 1538 3643 plurimas,

187 3686 265 3746 quae
287 3671 319 3725 c‘t
340 3664 428 3745 plura
449 3664 563 3725 babent
576 3672 724 3742 tempora,
741 3683 832 3743 quam
849 3673 976 3745 oportet,
992 3674 1025 3725 ut
1041 3675 1086 3726 est
1100 3668 1167 3731 lox.
1185 3688 1255 3727 ecce
1271 3688 1289 3730 e
1304 3656 1402 3749 ipsum
1419 3674 1538 3726 natura-

186 3771 257 3830 liter
273 3770 338 3832 tduo
360 3778 498 3850 tempora
519 3769 626 3845 habot3
651 3789 683 3844 x,
710 3767 790 3850 quas
814 3765 941 3829 duarum
957 3773 1184 3831 consonantium
1198 3762 1333 3851 ¹fungitur
1348 3762 1423 3851 loco,
1446 3760 1538 3829 unum

187 3876 280 3950 habet
301 3885 435 3955 tempus:
459 3894 529 3935 ecce
548 3876 703 3935 invenitur
723 3875 782 3934 ista
796 3874 916 3955 syllaba
931 3875 1043 3937 habere
1058 3878 1117 3935 tria
1131 3869 1267 3957 tempora
1346 3882 1428 3954 puta,
1445 3875 1470 3931 si
1487 3872 1539 3951 qui

187 3982 279 4040 talem
287 4001 406 4040 versum
416 3980 516 4064 faciat,
527 3979 592 4054 ‚lex
601 3982 699 4059 prima
715 3988 761 4040 est
776 3981 978 4060 quodcunque
992 3978 1103 4063 potest'
1119 3990 1261 4062 quattuor
1274 3988 1409 4059 tempora
1424 3983 1493 4036 sunt
1509 3984 1540 4035 at
1648 4034 1649 4053 ρ

187 4106 268 4145 nunc
280 4089 369 4165 asper
379 4080 479 4165 sst.¹).
492 4129 499 4143 .
511 4131 519 4146 .
533 4105 593 4164 qua
606 4085 723 4145 ratione
737 4085 794 4145 hoc
810 4084 895 4145 dixi?
906 4088 1173 4167 quotienscumque
1186 4084 1326 4143 inciderit
1339 4082 1400 4143 tale
1410 4080 1535 4159 aliquid,

277 4260 296 4327 ¹)
315 4261 411 4310 Liceat
437 4258 503 4309 mihi
531 4258 639 4310 lectoris
668 4261 787 4310 animum
812 4260 953 4312 advertere
977 4262 1085 4311 adrem
1106 4264 1199 4311 notatu
1216 4258 1325 4309 hercule
1345 4258 1537 4325 dignissimam,

191 4352 245 4414 q'ua
257 4347 465 4412 demonstratur,
483 4364 517 4397 no
530 4352 638 4399 nostrae
651 4347 759 4413 quidem
772 4350 870 4399 aetatis
882 4353 978 4413 poetas
991 4350 1042 4398 etsi
1055 4350 1084 4397 in
1097 4347 1177 4398 rebus
1190 4348 1312 4398 metricis
1323 4346 1539 4414 neglegentiores

188 4434 335 4498 veteribus,
352 4438 393 4485 ita
409 4450 444 4485 sc
458 4436 532 4486 omni
549 4432 700 4486 absolvisse
717 4423 826 4507 regula,¹
841 4441 871 4485 ut
882 4436 1006 4488 nonnulli
1018 4436 1096 4485 nobis
1110 4435 1282 4503 comprobare
1295 4434 1411 4485 student.
1431 4436 1535 4483 nostros

192 4523 263 4572 enim
283 4527 379 4588 poetas
397 4540 451 4575 non
470 4540 580 4591 prorsus
598 4524 751 4577 incuriosos
769 4524 852 4575 luisse
871 4511 906 4573 in'
918 4524 1065 4575 condendis
1076 4524 1209 4589 versibus,
1226 4520 1317 4575 utrum
1334 4522 1452 4587 syllabas
1464 4519 1538 4571 levas
