3300 5059
1007 1271 1436 1375 CAPUT
1531 1271 2188 1397 QUARTUM.

1406 1453 1512 1537 Dc
1566 1454 1804 1539 hiatu

1005 1564 1038 1615 0

424 1650 754 1729 Postquam
787 1648 862 1708 ab
892 1648 1236 1709 hominibus
1269 1648 1461 1710 doctis
1494 1635 1879 1729 quaestiones
1920 1650 2235 1709 institutae
2266 1656 2421 1720 sunt,
2472 1646 2691 1727 quibus
2723 1648 2947 1721 hiatuS,

246 1775 428 1834 quern
480 1754 689 1815 dicunt
736 1756 1134 1834 grammatici,
1200 1776 1370 1815 usum
1437 1757 1499 1813 in
1554 1756 1807 1816 Homeri
1872 1752 2237 1813 carminibus
2302 1752 2566 1821 definire,
2607 1751 2947 1826 studebant,

244 1861 350 1918 alii
401 1862 751 1934 extiterunt,
802 1861 906 1940 qui
952 1880 1172 1940 operae
1216 1861 1478 1939 pretium
1525 1880 1658 1920 esse
1702 1866 1989 1941 putarent
2034 1857 2194 1939 apud
2243 1858 2397 1918 alios
2444 1877 2684 1938 quoque
2738 1866 2948 1937 poetas

245 1964 540 2039 GraecoS,
609 1963 713 2045 qui
759 1967 823 2025 in
886 1956 1252 2025 carminibus
1315 1964 1655 2046 pangendis
1715 1965 1965 2024 Homeri
1998 1960 2289 2043 'vestigia
2358 1972 2700 2044 prementes
2770 1983 2949 2022 versu

246 2070 343 2128 usi
399 2078 540 2129 sunt
594 2071 858 2145 heroico,
923 2072 989 2158 in
1053 2069 1305 2131 eandem
1362 2092 1489 2131 rem
1543 2070 1869 2150 inquirere.
1942 2090 2089 2149 quas
2142 2068 2586 2148 ‘disputationes
2644 2066 2760 2127 hoc
2814 2067 2949 2127 loco

247 2195 459 2235 omnes
523 2175 759 2235 adferre
803 2177 892 2235 nil
946 2175 1205 2251 adtinet3
1276 2174 1336 2235 id
1386 2183 1587 2235 autem
1644 2174 2231 2236 commemorandum
2286 2173 2436 2232 mihi
2483 2182 2591 2247 est,
2650 2173 2829 2231 etiam
2876 2171 2951 2231 de

236 2279 442 2339 hiatus
491 2300 607 2339 usu
666 2280 826 2361 apud
877 2280 1267 2341 Theocritum
1313 2280 1606 2341 nonnulla
1667 2282 1787 2340 iam
1854 2302 1890 2340 a
1937 2280 1993 2341 K
2002 2297 2439 2359 ruegermanno
2513 2280 2578 2336 in
2645 2275 2944 2351 ‘Quaestt.

240 2380 524 2447 OE'heocr’.
570 2406 632 2464 p.
699 2388 735 2445 2
784 2405 914 2464 sqq.
963 2385 1200 2465 prolata
1247 2404 1396 2445 esse.
1444 2384 1552 2445 sed
1605 2384 2001 2445 nihilominus
2048 2405 2125 2443 ex
2170 2403 2283 2443 usu
2328 2382 2476 2442 mihi
2524 2401 2653 2442 esse
2704 2380 2949 2442 videtur

242 2488 440 2549 denuo
512 2489 589 2548 de
655 2510 728 2549 ea
790 2509 856 2549 re
921 2490 1335 2570 quaestionem
1379 2489 1717 2549 instituere.
1768 2489 2025 2568 primum
2077 2489 2234 2547 enim
2282 2487 2441 2546 hanc
2483 2506 2608 2545 rem
2655 2505 2776 2546 non
2823 2493 2946 2544 tam

245 2603 544 2669 accurate,
595 2615 774 2674 quam
821 2615 932 2675 par
977 2604 1124 2669 erat,
1176 2616 1212 2653 a
1263 2595 1769 2673 Kruegermanno
1834 2593 2180 2674 expeditam
2242 2612 2371 2652 esse
2424 2610 2660 2663 censeo,
2723 2591 2962 2669 quippe

163 2737 171 2742 -
247 2701 348 2779 qui
397 2701 525 2759 eius
571 2708 802 2759 tantum
849 2699 1027 2759 modo
1074 2701 1312 2779 generis
1342 2699 1562 2773 hiatuS,
1615 2697 1779 2778 quod
1823 2699 2161 2777 legitimum
2196 2716 2328 2756 esse
2358 2704 2605 2777 negant,
2655 2697 2948 2755 rationem

248 2805 528 2864 habuerit
572 2824 773 2885 neque
821 2805 1040 2880 omnia,
1097 2803 1162 2863 id
1219 2802 1380 2884 quod
1425 2804 1583 2862 infra
1634 2802 1998 2876 videbimus,
2056 2810 2219 2861 recte
2266 2799 2570 2859 adtulerit.
2629 2807 2946 2880 praeterea

243 2912 291 2970 is
336 2913 399 2971 in
448 2911 659 2970 libello
706 2932 811 2971 suo
862 2910 1072 2971 eadem
1117 2912 1222 2970 via
1265 2909 1665 2990 progreditur,
1725 2930 1903 2987 quam
1953 2910 2089 2967 iniit
2134 2907 2461 2967 Hoffmann
2531 2906 2594 2963 in
2644 2903 2935 2977 ‘Quaestt

243 3013 482 3089 Hom'.;
515 3026 651 3095 post
681 3018 1112 3077 Hoffmannum
1146 3023 1347 3075 autem
1379 3015 1578 3075 hiatus
1609 3036 1783 3075 usum
1814 3016 1878 3073 in
1912 3012 2271 3073 carminibus
2301 3011 2644 3070 Homericis
2676 3030 2810 3068 cum
2841 3010 2945 3068 alii

241 3129 367 3178 tum
417 3122 637 3181 Hartel
692 3123 955 3182 rationes
1010 3141 1254 3203 prorsus
1300 3120 1451 3179 alias
1508 3128 1745 3179 secutus
1791 3113 2221 3201 retractavit1),
2288 3134 2409 3195 qua
2453 3113 2527 3173 de
2575 3134 2757 3175 causa
2805 3112 2945 3172 inde

243 3246 483 3305 quoque
531 3227 795 3306 aliquem
840 3229 1098 3287 fructum
1147 3226 1224 3287 ad
1272 3227 1706 3306 quaestionem,
1756 3224 1831 3285 de
1876 3244 2000 3304 qua
2045 3225 2260 3303 agitur,
2310 3220 2507 3282 denuo
2552 3214 2933 3280 tractandam

243 3329 710 3391 redundaturum
761 3351 891 3391 esse
939 3332 1236 3391 existimo.

422 3436 497 3494 In
544 3438 891 3496 universum
940 3436 1182 3515 quidem
1243 3437 1418 3496 nobis
1463 3436 1537 3495 de
1583 3434 1861 3494 omnibus
1908 3427 2073 3507 lociS,
2139 3433 2243 3492 ubi
2306 3451 2519 3491 vocem
2563 3431 2626 3488 in
2672 3430 2944 3489 vocalem

243 3540 618 3600 desinentem
699 3542 892 3601 altera
969 3562 1005 3599 a
1085 3540 1284 3600 vocali
1348 3541 1645 3620 incipiens
1711 3540 1999 3618 sequitur,
2048 3538 2161 3597 hac
2222 3537 2572 3617 quaestione
2638 3536 2949 3615 proposita

241 3647 543 3725 agendum
591 3648 722 3705 erit.
772 3656 1034 3706 attamen
1097 3646 1213 3705 hoc
1256 3651 1386 3705 loco
1433 3666 1558 3713 rem
1620 3645 1792 3722 tangi
1838 3652 2088 3724 oportet,
2145 3663 2302 3722 quae
2364 3643 2428 3701 in
2474 3641 2726 3700 materia
2770 3639 2947 3698 huius

246 3752 614 3829 quaestionis
655 3749 1000 3811 definienda
1044 3750 1205 3809 haud
1251 3753 1424 3829 parvi
1461 3759 1550 3809 est
1579 3750 1889 3810 momenti.
1941 3749 2164 3807 etenim
2196 3748 2258 3806 in
2291 3747 2550 3806 Homeri
2584 3742 2947 3804 carminibus

243 3855 552 3935 digamma
597 3856 899 3935 quondam
942 3858 1209 3934 viguisse
1249 3864 1318 3914 -et
1363 3875 1494 3914 cum
1542 3856 1606 3913 in
1654 3856 1790 3914 aliis
1835 3853 2015 3915 rebus
2061 3861 2189 3912 tum
2240 3851 2314 3911 ad
2346 3851 2580 3910 hiatum
2612 3847 2945 3908 tollendum

241 3962 382 4020 satis
430 3961 697 4021 valuisse
753 3962 1080 4040 unicuique
1125 3968 1331 4019 notum
1378 3968 1483 4022 est.
1540 3970 1681 4039 post
1725 3959 1974 4019 Homeri
2023 3968 2222 4017 autem
2275 3964 2550 4036 tempora
2605 3974 2739 4012 cum
2793 3949 2947 4008 illud

242 4087 538 4127 annorum
585 4087 863 4127 successu
919 4086 1162 4145 prorsus
1222 4062 1584 4139 evanuisset,
1646 4085 1718 4123 ea
1770 4063 2088 4139 vocabula,
2156 4081 2312 4142 quae
2370 4062 2513 4120 olim
2561 4080 2597 4116 a
2644 4057 2943 4134 digammo

241 4171 637 4251 incipiebant,
685 4173 774 4231 nil
818 4174 939 4232 iam
988 4170 1345 4230 differebant
1391 4191 1426 4228 a
1469 4168 1805 4242 vocabulis,
1868 4189 2024 4248 quae
2080 4187 2320 4247 semper
2364 4163 2604 4224 vocales
2661 4163 2724 4220 in
2773 4159 2947 4217 initio

239 4274 552 4335 habebant
596 4278 840 4356 positas.
909 4275 1013 4335 sed
1090 4275 1443 4335 inferiorum
1513 4282 1849 4353 temporum
1923 4282 2162 4353 poetae,
2230 4291 2365 4329 cum
2432 4267 2714 4327 viderent
2785 4262 2943 4344 apud

412 4521 452 4586 ¹)
489 4520 708 4572 Homer.
747 4519 895 4571 Stud.
931 4519 1000 4569 ΙΙ.
1041 4524 1094 4568 et
1131 4518 1226 4567 111.

424 4607 534 4641 ω...
558 4607 654 4650 pm.
680 4606 800 4640 vina.
826 4608 860 4639 1.
1044 4646 1050 4653 ι
2708 4597 2736 4645 7
