3300 5059
186 244 231 301 ‘80

191 454 265 514 quas
288 442 459 504 tractamus,
478 434 620 511 exignum
637 434 815 493 coniecturis
832 451 943 511 augere
957 454 1005 493 res
1021 442 1067 493 sat
1089 436 1259 515 periculosa
1281 444 1327 493 est
1349 454 1449 514 neque
1466 439 1554 495 artis

186 538 310 598 criticae·
339 536 506 619 rationibus
529 538 678 598 convenit.
703 537 820 597 accedit
851 537 931 618 quod
963 549 1063 619 neque
1086 539 1167 618 spud
1188 540 1355 598 Homerum
1377 550 1448 599 ante
1473 560 1550 599 ver-

185 640 256 703 bum
287 642 441 726 κρύπτειν
472 642 535 701 eius
577 639 657 701 modi
690 641 849 720 productio
879 662 1008 722 usquam
1023 650 1120 704 <extat
1143 663 1243 723 neque
1265 642 1447 703 Theocritus
1471 644 1550 723 ipse

185 747 259 807 alibi
280 748 417 809 vocalem
440 748 472 805 iu
494 746 572 806 thesi
595 747 722 825 positam
758 755 831 807 ente
853 725 964 807 formas
993 747 1030 806 sb
1054 748 1160 808 eadem
1182 750 1276 828 stirpe
1299 746 1450 811 derivatas
1474 768 1547 807 um·

185 871 274 931 quam
297 850 448 933 producit;
484 848 682 929 scd'ubique
714 850 830 911 vocalis
862 852 980 930 integra
1013 862 1129 912 manet:
1163 852 1243 911 XVI
1266 854 1318 924 30,
1340 852 1436 911 XVII
1462 854 1544 924 120,

183 956 295 1017 XXIV
318 959 368 1029 28,
401 955 495 1015 XXV
519 956 590 1014 227
623 960 703 1033 quae
726 975 793 1015 cum
817 956 861 1014 ita
883 957 952 1029 sint,
977 956 1250 1036 praeferendahoc
1273 957 1338 1038 loco
1362 975 1427 1016 esse
1450 954 1543 1015 vide-

184 1070 232 1120 tur
264 1061 414 1143 scriptura
445 1059 619 1137 aTeyloro
651 1058 805 1142 proposita
836 1058 1009 1143 αἰδόμενος
1040 1062 1080 1123 σύ
1102 1083 1142 1142 με
1172 1062 1306 1144 κρύπτε,
1337 1080 1471 1142 quam
1453 1079 1542 1119 rece·

185 1174 296 1245 perunt
319 1165 439 1225 Ahrens
462 1164 505 1251 (in
529 1163 576 1223 ed.
599 1164 681 1235 mai.)
706 1173 735 1223 et
757 1164 888 1242 Ziegler

272 1270 380 1329 Varias
402 1276 475 1329 vero
497 1268 643 1329 theses'
620 1290 645 1329 ει
668 1278 850 1362 spectamus,
874 1270 905 1328 in
932 1269 1057 1349 quibus
1064 1270 1172 1330 breves
1193 1271 1314 1330 vocales
1336 1270 1441 1329 finales
1464 1278 1540 1329 ante

182 1385 341 1456 mutamc.
365 1375 450 1435 l.1n
464 1394 554 1435 versu
576 1374 696 1459 heroico
699 1359 933 1457 producuntur,
960 1376 1053 1435 etiam
1075 1374 1169 1455 apud
1178 1360 1373 1437 Theocritum
1396 1375 1539 1434 similiter

182 1490 271 1561 atque
294 1483 325 1540 in
349 1460 474 1540 Homeri
498 1454 677 1541 carminibus
700 1480 844 1541 maiorem
866 1479 972 1562 harum
995 1480 1226 1561 productionum
1247 1490 1363 1562 partem
1383 1481 1415 1539 in
1437 1478 1537 1559 pedes

180 1588 309 1666 primum
332 1595 362 1645 et
385 1586 512 1645 alterum
534 1584 642 1647 cadere
664 1582 805 1665 adparet
831 1564 891 1665 qua
912 1584 947 1670 in¹
965 1604 998 1644 rc
1021 1584 1053 1645 id
1076 1605 1196 1665 quoqne
1219 1584 1442 1646 memorandum
1466 1604 1537 1645 esse

181 1691 309 1765 videtur,
332 1692 364 1749 in
384 1688 639 1769 productionibus,
665 1708 743 1769 quae
757 1697 862 1749 extant
875 1689 907 1747 in
922 1687 1112 1768 pede'tertio,
1137 1689 1273 1749 omnibus
1289 1688 1406 1749 articuli
1421 1689 1535 1748 formes

180 1797 250 1876 legi,
283 1798 313 1855 in
345 1794 424 1875 pede
440 1803 556 1855 'autem
588 1802 693 1873 quarto
719 1781 947 1873 productionem
965 1794 1056 1855 -huius
1079 1796 1198 1873 generis
1219 1795 1346 1854 in‘solis
1367 1793 1468 1853 verbis
1492 1793 1534 1859 τὰ

179 1909 293 1984 πρῶτα
314 1900 407 1960 semel
430 1895 570 1972 invenirI,
603 1919 731 1979 quorum
753 1909 832 1979 quae
856 1902 895 1959 sit
916 1909 1023 1959 nature
1045 1909 1076 1959 et
1097 1899 1177 1979 apud
1199 1908 1304 1980 poetas
1326 1900 1426 1978 epicos
1448 1918 1531 1972 usus,

170 2004 237 2064 'iam
262 2006 396 2085 exposui.
420 2004 494 2063 haec
518 2004 544 2063 si
566 2003 722 2063 nobiscnm
745 2014 927 2084 reputamus,
951 2006 1017 2085 ipsa
1037 2025 1069 2064 se
1085 2005 1171 2065 offert
1185 2006 1329 2084 quaestio,
1354 2024 1532 2083 quaenam

178 2111 271 2169 ratio
308 2110 344 2169 in
380 2108 628 2189 producendis
660 2109 853 2191 vocalibus
891 2110 1072 2170 finalibus
1109 2112 1144 2170 in
1180 2110 1276 2170 thesi
1305 2098 1441 2189 'positis
1480 2110 1530 2168 in·

179 2223 354 2294 sequente
387 2220 477 2273 voce
515 2234 533 2271 a
565 2212 708 2274 duabus
730 2196 851 2275 mutis
884 2216 1051 2275 consonis
1082 2223 1143 2275 aut
1170 2236 1189 2274 a
1221 2214 1374 2294 liquidis
1400 2236 1449 2295 pv
1479 2214 1528 2273 in·

179 2320 339 2399 cipiente
364 2317 571 2377 aTheoorit
559 2326 593 2377 to
617 2318 813 2378 observata
829 2321 895 2379 sit.
920 2329 1010 2400 atque
1032 2320 1141 2382 hanc-
1130 2341 1164 2379 ιιι
1183 2339 1248 2379 rem
1263 2320 1315 2402 qui
1330 2318 1525 2398 inquisiverit

137 2416 139 2423 ’
178 2444 247 2483 mox
279 2423 335 2482 sibi
365 2422 559 2502 persuadebit
588 2424 619 2481 in
650 2422 738 2483 huius
766 2406 847 2483 modi
874 2423 1119 2505 productionibus
1142 2424 1336 2484 Theocritum
1358 2421 1453 2482 isdem
1476 2431 1527 2480 aut

98 2608 101 2611 Ι
178 2530 268 2587 etiam
298 2527 496 2609 severioribus
522 2527 639 2606 legibus
667 2509 901 2625 obtemperasse
935 2530 1086 2591 rarissime
1108 2531 1189 2589 enim
1210 2529 1330 2588 vocales
1353 2547 1389 2587 ea
1412 2528 1526 2586 ratione

177 2604 340 2713 productae
373 2634 561 2713 reperiuntur
592 2653 706 2713 eaeque
738 2654 856 2713 semper
884 2643 936 2695 ant
957 2636 988 2693 iu
1011 2634 1108 2714 prima
1129 2635 1206 2693 thesi
1230 2643 1280 2693 aut
1301 2634 1335 2693 in
1356 2633 1460 2696 altera.
1491 2632 1520 2690 in

179 2738 233 2797 illa
256 2714 377 2817 quidem
399 2736 457 2795 hae
480 2745 586 2795 extant
607 2737 831 2817 productiones:
857 2734 891 2821 a)
914 2739 963 2797 XI
987 2742 1028 2798 47
1052 2737 1165 2814 ἔπιθι)
1188 2738 1325 2822 bezprim
1350 2732 1379 2820 h)
1400 2736 1464 2795 XV
1488 2738 1528 2793 30

126 2913 130 2923 Δ
178 2841 198 2903 ἁ
230 2841 280 2903 δὲ’
296 2846 408 2923 σμᾶμα
438 2840 542 2925 teipsa
577 2838 715 2931 c)XVI
743 2841 824 2904 boel
851 2841 888 2905 δὲ
924 2844 1125 2924 σκυζόμεναι,
1157 2845 1196 2902 27
1224 2841 1305 2923 μηδὲ
1332 2836 1527 2916 ξεινοδόκον,

177 2947 273 3006 XVII
296 2949 337 3027 24
361 2946 428 3009 ὅττι
452 2946 579 3028 optatur,
603 2946 702 3031 XXII
728 2950 768 3007 10
791 2946 823 3009 οἱ
849 2946 887 3009 ds'
909 2962 1030 3029 σφεων,
1062 2949 1103 3007 54
1126 2955 1216 3030 χαῖρε
1241 2943 1330 3023 ξεῖν’,
1361 2947 1425 3004 210
1448 2943 1523 3016 ἀλλὰ

178 3052 272 3127 Ζεύς;
305 3048 338 3135 d)
362 3051 478 3109 XXIII
502 3053 544 3110 48
568 3050 646 3112 ἀλλὰ
670 3051 755 3124 στάς.
788 3052 819 3110 in
842 3050 919 3110 thesi
941 3050 1027 3131 pedis
1052 3050 1174 3111 alterius
1196 3051 1311 3111 vocalis
1332 3049 1448 3108 ratione
1469 3048 1522 3107 illa

176 3156 222 3213 his
253 3156 325 3215 lo'cis
356 3155 555 3234 produciturz·
579 3150 608 3236 ο)
632 3154 716 3213 XIII
739 3155 779 3214 36
807 3157 921 3238 κῷχεθ)
944 3157 1042 3229 Ἥιις
1069 3155 1093 3218 6·
1116 3152 1248 3232 ξανθός,
1279 3156 1372 3234 epigr.
1396 3154 1519 3213 ΧΙΙΙ4

177 3256 336 3342 (pentem.)
366 3256 473 3333 ξυνόν.
498 3257 548 3320 ἀεὶ
570 3257 607 3320 δέ
629 3273 726 3342 opem
752 3256 785 3340 d)
811 3260 904 3339 epigr.
929 3260 1016 3319 XI‘l
1044 3258 1232 3334 Εὐσθένεος
1252 3255 1464 3342 τὸμνῆμᾱὶ).
1490 3258 1519 3317 id

167 3362 258 3435 uero,
283 3361 363 3443 quod
379 3362 500 3421 vocales
516 3362 630 3436 finales,
648 3364 712 3423 slve
728 3383 788 3423 vox
812 3384 831 3422 a
852 3373 934 3423 muta
956 3385 981 3423 c.
995 3364 1015 3427 1,
1033 3365 1096 3424 sive
1118 3384 1137 3422 a
1152 3363 1267 3423 duabus
1282 3365 1370 3423 mutis
1386 3364 1519 3438 consonis

175 3467 301 3527 initium*
324 3466 444 3545 capiens
476 3468 617 3546 sequitur,
652 3467 743 3545 longe
771 3446 944 3547 saepissime
980 3464 1011 3527 in
1040 3467 1157 3527 duabus
1187 3467 1335 3549 prioribus
1357 3468 1519 3528 hexametri

177 3571 312 3631 thesibus
333 3569 548 3649 producuntur,
582 3590 669 3631 nemo
693 3593 755 3631 non,
774 3572 861 3632 videt
883 3574 1028 3633 artissime
1051 3572 1212 3633 cohaerere
1235 3594 1301 3632 cum
1324 3571 1523 3653 spondeorum.

175 3696 240 3751 usu,
270 3687 359 3755 qu'em
385 3676 416 3734 in
439 3675 567 3755 pedibus
590 3677 687 3755 primo
711 3686 741 3736 et
763 3677 858 3735 altero
880 3678 1027 3738 letissime
1049 3687 1153 3757 patere
1175 3699 1205 3758 p.
1231 3680 1269 3737 21
1293 3659 1433 3740 uidimus.
1465 3672 1534 3735 hac'

175 3780 298 3862 quidem
329 3781 360 3839 in
386 3766 425 3851 ‘re
455 3781 544 3839 etiam
565 3781 792 3841 memorandum
814 3790 859 3841 est
880 3781 927 3841 bis
950 3782 1146 3845 Theocritum
1168 3782 1336 3841 Homerum
1357 3783 1517 3841 imitantem

152 3884 207 3944 ¹in
229 3885 306 3944 thesi
329 3885 426 3964 prima
447 3884 556 3959 breves
579 3876 712 3964 syllabas
734 3888 765 3945 in
789 3907 936 3946 consonas
959 3885 1128 3946 desinentes
1150 3881 1328 3966 insequente
1347 3888 1516 3967 pronomine

172 4010 319 4071 personae
349 3991 453 4049 tertiae
487 3987 522 4053 οἱ
548 3989 738 4071 produxisse.
771 3989 869 4051 XVII
892 3994 932 4050 82
960 4000 1046 4075 τρεῖς
1072 3992 1133 4072 μέν
1160 3991 1192 4054 οἱ
1223 3989 1275 4073 (cf.
1299 3992 1390 4054 Hom.
1414 3994 1439 4053 I
1459 3992 1512 4051 131

172 4094 229 4169 τὰς
249 4094 310 4176 μέν
333 4090 378 4176 οἱ)
409 4102 439 4152 et
459 4094 554 4153 XXV
577 4094 617 4154 82
642 4092 703 4156 οὐκ
725 4094 821 4157 drot
853 4093 905 4178 (cf
927 4096 1017 4156 Ηοιιι.
1041 4097 1061 4177 β
1085 4099 1147 4155 249
1174 4098 1214 4181 οὔ
1241 4096 1298 4157 κέν
1326 4094 1381 4178 οἱ)
1414 4094 1515 4153 eodem

172 4201 310 4280 pertinet,
340 4197 420 4277 quod
443 4198 552 4257 vocula
578 4199 657 4282 πρίν
637 4220 707 4260 vu
732 4198 826 4259 XXV
850 4200 944 4259 263
935 4221 967 4258 ru
989 4200 1067 4260 thesi
1090 4201 1132 4258 alt
1120 4209 1184 4259 tera
1206 4200 1383 4278 insequente
1404 4220 1514 4259 voces

173 4316 379 4331 -d———u-——u

264 4372 281 4435 ¹)
300 4372 342 4420 De
360 4370 577 4435 productionibus
596 4370 675 4420 huius
697 4372 811 4435 generis,
834 4377 902 4436 qnae
926 4371 996 4437 apud
1014 4372 1081 4443 alios
1101 4377 1194 4437 postas
1213 4372 1329 4423 Graecos
1347 4374 1513 4438 reperiuntur,

174 4458 294 4507 conferas
313 4473 420 4522 quaeso,
439 4473 508 4523 quae
527 4462 705 4522 exposuerunt
722 4458 836 4522 Hilberg
853 4460 973 4524 ‘Prinoip
993 4460 1017 4509 d.
1038 4459 1218 4525 Silbenw.’,p.
1233 4449 1266 4510 20
1279 4476 1346 4525 sqq,
1365 4462 1398 4510 26
1417 4476 1464 4525 sqq
1490 4466 1512 4509 et

174 4543 329 4595 Scheindler
345 4546 374 4593 in
392 4560 503 4595 censura
521 4546 638 4599 eiusdem
655 4545 724 4609 libri,
743 4546 809 4595 Ann.
828 4562 914 4611 gymn.
934 4548 1022 4598 Austr.
1039 4548 1113 4598 XXX
1133 4551 1184 4598 414
1203 4564 1258 4613 sqq.
