3300 5059
190 234 252 293 288

293 423 358 483 Iam
391 421 594 482 accedendum
627 431 673 481 est
702 420 740 480 ad
771 423 853 501 ipsas
883 422 1011 481 Pacuvii
1045 421 1173 483 fabulas.
1211 441 1337 502 quarum
1372 420 1539 502 permultas

192 530 287 609 ipsius
310 526 464 587 Ciceronis
488 535 586 587 aetate
608 527 639 585 in
663 545 774 586 scaena
794 525 892 587 videri
918 535 999 586 actas
1022 545 1088 587 esso
1110 527 1170 586 iam
1192 546 1284 608 supra
1299 525 1439 588 diximus,
1464 546 1540 607 quas

192 653 272 694 nunc
294 632 446 713 persequi·
459 631 533 691 mibi
555 632 588 691 in
610 632 710 691 animo
731 638 785 691 est.
808 652 845 690 ac
859 631 988 712 primum
1004 630 1120 690 dicatur
1136 630 1174 691 de
1187 631 1314 691 Iliona
1330 629 1429 711 (Ribb.
1446 630 1540 709 Trag.

192 740 278 799 Rom.
302 739 339 797 fr.
362 758 392 817 p.
421 738 482 798 100
509 756 586 816 sqq,
620 736 725 795 Boem.
750 736 844 814 Trag.
872 756 903 815 p.
928 737 990 795 232
1023 735 1114 817 sqq),
1147 736 1195 795 cui
1227 735 1385 796 audientes
1407 736 1541 795 maxime

192 842 334 903 videntur
357 841 479 917 favisse,
502 839 583 920 quod
606 859 644 899 ex
667 840 720 914 cis,
744 859 823 919 quae
847 838 952 900 Cicero
976 838 1014 900 de
1037 858 1074 899 sa
1096 841 1261 900 memoriae
1284 840 1429 920 prodidit,
1459 848 1541 901 certo

193 956 292 1029 potest
315 944 462 1008 concludi.
496 947 526 1004 in
560 946 667 1024 primis
698 954 813 1004 autem¹
832 944 934 1004 verbis
968 944 1038 1018 illis,
1071 944 1180 1025 quibus
1203 944 1366 1025 Deiphilus
1399 966 1417 1005 a
1448 945 1541 1025 Poly-

193 1063 321 1113 mestore
344 1052 491 1111 insciente
521 1070 578 1130 pro
600 1049 755 1130 Polydoro
778 1052 892 1110 occisus
924 1052 1012 1110 matri
1043 1070 1099 1131 per
1131 1052 1247 1111 somnia
1278 1052 1362 1111 visus
1394 1050 1542 1110 auxilium

194 1159 272 1237 petit
312 1166 404 1236 atque
435 1164 468 1214 ut
507 1154 645 1233 sepulcro
687 1155 833 1214 condatur
870 1154 1016 1228 obsecrat,
1060 1154 1255 1216 vehementer
1297 1156 1436 1216 commoti
1473 1162 1544 1214 sunt

194 1262 395 1341 spectantium
423 1260 525 1322 animi.
549 1280 567 1318 a
590 1279 651 1339 que
684 1260 883 1319 commotione
914 1280 953 1319 ne
977 1258 1082 1319 Oieero
1116 1259 1238 1339 quidem
1270 1259 1392 1321 videtur
1424 1260 1544 1319 alienus

196 1369 297 1439 luisse,
330 1384 513 1445 quamquam
544 1362 639 1423 verba
660 1364 715 1423 illa
746 1372 782 1422 ut
804 1362 1001 1443 philosophus
1036 1365 1195 1444 impugnat
1218 1364 1309 1424 'l'use
1342 1365 1359 1423 I
1387 1366 1439 1437 44,
1466 1365 1544 1423 106:

197 1479 276 1531 ‘ecce
299 1471 375 1530 elius
398 1470 570 1529 exoritura
593 1477 682 1541 terra,
707 1469 759 1549 qui
782 1477 909 1529 matrem
933 1468 1064 1529 dormire
1085 1490 1145 1530 non
1170 1470 1262 1530 sinet:

401 1588 494 1651 mater,
511 1594 538 1639 te
556 1588 674 1654 appello:
692 1586 731 1652 td,
748 1604 818 1654 quae
837 1603 928 1641 caram
947 1588 1039 1640 sdmno
1058 1586 1216 1657 suspensdrn
1229 1589 1312 1641 'lenas

402 1689 488 1743 neque
505 1675 532 1727 tri
551 1677 603 1726 mei
621 1677 737 1739 miseret,
755 1674 835 1741 sdrge
854 1681 881 1727 et
899 1676 982 1741 sepeli
1001 1673 1094 1727 natum
1114 1675 1221 1745 [tuuurJ.

197 1788 274 1847 haec
296 1806 364 1845 cum
387 1786 497 1865 pressis
521 1792 551 1843 ct
573 1783 722 1844 flebilibus
745 1783 851 1857 modis,
875 1784 926 1863 qui
949 1785 1020 1844 totis
1043 1784 1170 1843 theatris
1197 1785 1379 1871 maestitiam
1402 1786 1546 1859 inferant,
1628 1786 1629 1863 ᾗ

197 1893 403 1962 concinuntur,
438 1887 562 1948 difficile
584 1897 630 1948 est
651 1910 711 1948 nou
745 1908 806 1969 eos,
840 1890 891 1968 qui
915 1888 1062 1948 inhumati
1094 1890 1163 1963 sint,
1191 1890 1314 1951 miseros
1346 1889 1480 1951 iudicare
1504 1927 1547 1937 -·
1628 1910 1629 1975 j

1074 2010 1148 2076 prins
1167 2007 1246 2075 qndm
1266 2009 1339 2061 ferae

391 2094 580 2165 ,uolucresque

197 2209 312 2281 metuit,
334 2226 374 2267 ue
400 2206 539 2264 laceratis
570 2202 711 2263 membris
734 2204 832 2262 minus
856 2204 932 2263 bene
954 2212 1070 2278 utatur;
1102 2225 1141 2263 ne
1169 2204 1339 2279 combustis,
1374 2226 1434 2265 non
1468 2208 1545 2266 exti-

197 2314 303 2373 mescit
323 2346 366 2357 -

404 2430 457 2465 neu
473 2412 600 2480 reliquias
618 2410 740 2480 [quaesd]
759 2427 833 2463 meas
850 2412 926 2463 sireis
944 2410 1085 2464 denudatis
1104 2412 1209 2467 dssibns

405 2518 453 2567 per
470 2500 566 2553 terram
586 2502 661 2551 sanie
681 2498 813 2550 delibutas
832 2500 911 2551 foede
930 2496 1082 2551 diuexdrier
1101 2499 1142 2567 (tr.
1161 2498 1198 2570 4).

198 2625 259 2669 non
284 2609 437 2687 intellego,
462 2607 535 2688 quid
558 2615 681 2679 metuat,
706 2627 772 2667 cum
796 2616 856 2666 tam
879 2607 973 2668 bonos
998 2609 1184 2688 septenarios
1199 2607 1306 2668 fundat
1328 2606 1366 2666 ad
1388 2604 1549 2688 tibiam.'¹)

199 2819 309 2877 cinatio
331 2816 577 2898 philosophorum
599 2819 695 2897 possit
724 2838 903 2897 repugnare.
932 2828 1023 2898 etque
1051 2818 1134 2878 locus
1161 2818 1213 2877 hic
1240 2817 1454 2877 celeberrimus
1482 2838 1549 2878 sae·
1626 2846 1628 2873 f

200 2924 269 3002 pius
291 2919 432 2983 Ciceroni
455 2931 526 2982 ante
548 2923 651 2982 oculos
675 2931 720 2983 est
742 2931 890 2983 versatus.
913 2943 1045 3004 namque
1068 2923 1127 2983 huc
1149 2923 1272 3002 respicit
1300 2924 1391 2982 etiam
1419 2921 1476 2982 Ae.
1502 2943 1549 3004 pr.

199 3027 306 3101 1127,
340 3029 380 3087 88
404 3025 455 3086 ubi
479 3027 612 3107 loquitur
634 3026 672 3086 de
695 3026 907 3089 dormientium
929 3028 1014 3088 visis:
1045 3028 1153 3087 ‘Iliona
1176 3022 1280 3087 somno
1304 3027 1357 3088 illo
1383 3028 1499 3102 ‘maten
1523 3036 1554 3087 te
1627 3042 1628 3059 ¹

200 3130 331 3211 appello'
356 3166 397 3175 -
419 3151 520 3191 nonne
542 3132 585 3190 ita
608 3131 704 3191 credit
725 3132 821 3191 filium
844 3131 988 3207 locutum,
1012 3141 1045 3192 ut
1067 3141 1246 3213 experrecta
1277 3134 1366 3193 etiam
1395 3132 1554 3193 crederet?

202 3236 282 3296 unde
305 3236 385 3295 enim
408 3236 475 3294 illac

406 3353 456 3403 age
475 3336 546 3390 satri:
565 3354 653 3402 mane,
672 3340 749 3390 audi:
767 3338 836 3391 itera
855 3338 916 3389 dum
936 3339 1030 3389 cadem
1049 3337 1134 3391 istaec
1152 3338 1226 3390 mihi'
1245 3336 1288 3409 (tr.
1300 3338 1339 3411 b)-

200 2713 325 2792 agnovit
346 2713 439 2792 igitur
460 2710 568 2773 Cicero
591 2714 621 2771 in
645 2711 728 2771 hisce
752 2713 853 2777 verbis
876 2732 1016 2792 magnam
1040 2714 1101 2772 vim
1125 2713 1283 2793 poeticam,
1309 2713 1356 2771 cui
1382 2714 1434 2772 vix
1456 2713 1547 2772 ratio·
1625 2754 1628 2839 p

1627 2876 1628 2929 l

200 3468 291 3527 quam
312 3447 431 3526 penitus
455 3454 553 3505 autem
577 3446 652 3505 hacc
675 3466 785 3506 scaena
807 3447 839 3504 in
861 3446 967 3525 populi
991 3446 1081 3505 etiam
1097 3455 1197 3507 mente
1220 3446 1359 3520 haeserit,
1386 3467 1424 3507 ex
1441 3449 1553 3507 ceteris
1625 3434 1626 3437 ¹

199 3551 273 3611 locis
297 3548 517 3611 Ciceronianis:
541 3571 594 3631 pro
611 3550 688 3612 Sest.
713 3554 764 3625 59,
791 3552 865 3623 126,
889 3549 928 3609 ed
944 3550 1008 3611 Art.
1032 3550 1130 3611 XIIII
1150 3554 1199 3633 14,
1226 3555 1253 3629 1,
1277 3552 1367 3611 Tusc.
1384 3552 1418 3611 H
1442 3554 1493 3625 19,
1514 3555 1556 3611 44
1626 3628 1627 3633 ἵ

201 3663 285 3735 potes
308 3651 530 3738 concludere.²)
557 3656 668 3715 etenim
691 3655 789 3734 primo
818 3655 885 3715 loco
909 3654 1025 3731 Cicero,
1048 3655 1100 3715 ubi
1128 3655 1166 3716 de
1188 3656 1291 3737 Appio
1315 3654 1443 3716 Claudio
1467 3676 1557 3735 prae·
1626 3724 1627 3729 η

201 3769 274 3833 tore,
299 3758 398 3819 Clodii
430 3761 519 3820 fratre
553 3760 699 3839 loquiturc
734 3759 785 3819 ‘is’
814 3760 914 3840 inquit
945 3766 1023 3819 ‘cum
1046 3760 1155 3821 cotidie
1187 3761 1370 3840 gladiatores
1402 3769 1557 3839 spectaret
1626 3738 1627 3789 l

200 3885 364 3945 numquam
388 3873 437 3924 est
459 3874 647 3943 conspectus,
672 3885 738 3923 cum
762 3866 889 3924 veniret.
913 3864 1087 3944 emergebat
1110 3862 1219 3939 subito,
1248 3885 1314 3925 cum
1345 3864 1403 3924 sub.
1431 3864 1554 3925 tabulas

203 3969 404 4049 subrepserat,
428 3978 461 4028 ut
484 3969 591 4027 ‘mater
618 3979 648 4027 te
679 3968 809 4049 appello’
844 3969 977 4029 dicturus
1010 3969 1164 4055 videretur
1197 4013 1204 4028 .
1230 4014 1237 4028 .
1262 3970 1282 4033 .’
1307 3968 1332 4052 ³)
1356 3988 1446 4050 porro
1478 3968 1558 4028 illud

202 4073 382 4133 ‘iteradum
411 4073 517 4133 eadem
545 4075 640 4133 istaec
663 4073 746 4131 mihi'
776 4074 863 4153 quasi
892 4074 1029 4156 πτερόεν
1051 4072 1129 4149 ἔπος
1157 4073 1317 4133 adhibetur
1345 4073 1437 4133 altero
1471 4074 1558 4133 loco:

307 4265 326 4329 ¹)
347 4266 388 4313 Dc
407 4263 489 4314 verbo
507 4261 692 4329 ‘septenarios'
710 4262 745 4314 ci.
764 4262 865 4313 Ritscbl
884 4264 948 4313 Mus.
971 4263 1058 4313 Rhen.
1078 4262 1165 4316 XXVI
1185 4264 1244 4328 619,
1263 4262 1355 4328 Bergk
1372 4261 1441 4312 Phil.
1460 4260 1557 4313 XXXI

204 4353 255 4401 240
273 4366 321 4415 sq,
340 4350 460 4401 Ribbeck
478 4350 572 4400 Roem.
590 4349 671 4417 Trag.
691 4352 750 4413 234,
770 4350 832 4402 adn.
851 4352 875 4400 8.
978 4415 982 4424 μ
1085 4416 1088 4423 1

306 4434 329 4506 ²)
347 4437 423 4488 Adde
441 4438 508 4488 Hor.
526 4435 582 4488 Sat.
600 4437 628 4487 II
646 4441 670 4503 8,
690 4441 723 4489 63
743 4454 801 4504 sqq.

307 4523 328 4591 ³)
347 4524 388 4575 Oi.
405 4524 488 4577 schol.
507 4526 573 4576 hob.
593 4524 627 4577 ad
645 4526 671 4575 h.
689 4525 707 4575 l.
