<?xml version="1.0" encoding="UTF-8"?>
<!DOCTYPE html PUBLIC "-//W3C//DTD XHTML 1.0 Transitional//EN"
    "http://www.w3.org/TR/xhtml1/DTD/xhtml1-transitional.dtd">
<html xmlns="http://www.w3.org/1999/xhtml" xml:lang="en" lang="en">
 <head>
  <title>
</title>
<meta http-equiv="Content-Type" content="text/html;charset=utf-8" />
  <meta name='ocr-system' content='tesseract 3.04.00' />
  <meta name='ocr-capabilities' content='ocr_page ocr_carea ocr_par ocr_line ocrx_word'/>
</head>
<body>
  <div class='ocr_page' id='page_1' title='image "./dissertationesp07wiengoog_0111.png"; bbox 0 0 3300 5059; ppageno 0'>
   <div class='ocr_carea' id='block_1_1' title="bbox 197 210 237 267">
    <p class='ocr_par' dir='ltr' id='par_1_1' title="bbox 197 210 237 267">
     <span class='ocr_line' id='line_1_1' title="bbox 197 210 237 267; baseline 0.075 -3"><span class='ocrx_word' id='word_1_1' title='bbox 197 210 237 267; x_wconf 85' lang='grc'>98</span> 
     </span>
    </p>
   </div>
   <div class='ocr_carea' id='block_1_2' title="bbox 177 396 1594 1844">
    <p class='ocr_par' dir='ltr' id='par_1_2' title="bbox 177 396 1594 1844">
     <span class='ocr_line' id='line_1_2' title="bbox 197 396 1594 479; baseline -0.003 -18"><span class='ocrx_word' id='word_1_2' title='bbox 197 403 359 461; x_wconf 80' lang='lat' dir='ltr'><strong>Homerum</strong></span> <span class='ocrx_word' id='word_1_3' title='bbox 394 408 463 459; x_wconf 89' lang='lat' dir='ltr'>ante</span> <span class='ocrx_word' id='word_1_4' title='bbox 504 400 653 458; x_wconf 86' lang='lat' dir='ltr'>vocabula</span> <span class='ocrx_word' id='word_1_5' title='bbox 694 420 711 457; x_wconf 90' lang='lat' dir='ltr'>a</span> <span class='ocrx_word' id='word_1_6' title='bbox 744 400 833 458; x_wconf 90' lang='lat' dir='ltr'>certis</span> <span class='ocrx_word' id='word_1_7' title='bbox 867 396 1043 479; x_wconf 85' lang='lat' dir='ltr'>quibusdam</span> <span class='ocrx_word' id='word_1_8' title='bbox 1077 396 1219 477; x_wconf 81' lang='lat' dir='ltr'><strong>stirpibus</strong></span> <span class='ocrx_word' id='word_1_9' title='bbox 1262 396 1399 456; x_wconf 85' lang='lat' dir='ltr'>derivata</span> <span class='ocrx_word' id='word_1_10' title='bbox 1445 398 1594 476; x_wconf 84' lang='lat' dir='ltr'>longas</span> 
     </span>
     <span class='ocr_line' id='line_1_3' title="bbox 196 501 1590 586; baseline -0.003 -21"><span class='ocrx_word' id='word_1_11' title='bbox 196 527 302 567; x_wconf 90' lang='lat' dir='ltr'>vocum</span> <span class='ocrx_word' id='word_1_12' title='bbox 326 504 571 586; x_wconf 88' lang='lat' dir='ltr'>praecedentium</span> <span class='ocrx_word' id='word_1_13' title='bbox 594 504 715 563; x_wconf 85' lang='lat' dir='ltr'>vocales</span> <span class='ocrx_word' id='word_1_14' title='bbox 739 511 911 563; x_wconf 70' lang='lat' dir='ltr'>constanter</span> <span class='ocrx_word' id='word_1_15' title='bbox 934 523 993 561; x_wconf 93' lang='lat' dir='ltr'>non</span> <span class='ocrx_word' id='word_1_16' title='bbox 1018 503 1138 581; x_wconf 80' lang='lat' dir='ltr'><strong>corripi,</strong></span> <span class='ocrx_word' id='word_1_17' title='bbox 1162 504 1222 582; x_wconf 90' lang='lat' dir='ltr'>ipsi</span> <span class='ocrx_word' id='word_1_18' title='bbox 1246 522 1366 582; x_wconf 90' lang='lat' dir='ltr'>quoque</span> <span class='ocrx_word' id='word_1_19' title='bbox 1389 501 1479 561; x_wconf 88' lang='lat' dir='ltr'>talia</span> <span class='ocrx_word' id='word_1_20' title='bbox 1508 502 1590 563; x_wconf 90' lang='lat' dir='ltr'>sibi</span> 
     </span>
     <span class='ocr_line' id='line_1_4' title="bbox 195 606 1588 691; baseline -0.003 -21"><span class='ocrx_word' id='word_1_21' title='bbox 195 612 287 671; x_wconf 90' lang='lat' dir='ltr'>licere</span> <span class='ocrx_word' id='word_1_22' title='bbox 310 611 467 691; x_wconf 89' lang='lat' dir='ltr'>putabant.</span> <span class='ocrx_word' id='word_1_23' title='bbox 491 610 572 669; x_wconf 93' lang='lat' dir='ltr'>unde</span> <span class='ocrx_word' id='word_1_24' title='bbox 596 610 709 669; x_wconf 81' lang='lat' dir='ltr'>factum</span> <span class='ocrx_word' id='word_1_25' title='bbox 736 617 789 682; x_wconf 89' lang='lat' dir='ltr'>est,</span> <span class='ocrx_word' id='word_1_26' title='bbox 813 618 847 667; x_wconf 95' lang='lat' dir='ltr'>ut</span> <span class='ocrx_word' id='word_1_27' title='bbox 867 608 1021 669; x_wconf 80' lang='lat' dir='ltr'>nonnullis</span> <span class='ocrx_word' id='word_1_28' title='bbox 1036 606 1193 668; x_wconf 83' lang='lat' dir='ltr'>vocabulis</span> <span class='ocrx_word' id='word_1_29' title='bbox 1208 609 1268 667; x_wconf 93' lang='lat' dir='ltr'>iam</span> <span class='ocrx_word' id='word_1_30' title='bbox 1285 606 1397 667; x_wconf 91' lang='lat' dir='ltr'>dudum</span> <span class='ocrx_word' id='word_1_31' title='bbox 1417 629 1437 666; x_wconf 89' lang='lat' dir='ltr'>a</span> <span class='ocrx_word' id='word_1_32' title='bbox 1456 609 1588 667; x_wconf 86' lang='lat' dir='ltr'>vocali</span> 
     </span>
     <span class='ocr_line' id='line_1_5' title="bbox 196 712 1586 796; baseline -0.003 -21"><span class='ocrx_word' id='word_1_33' title='bbox 196 716 409 795; x_wconf 79' lang='lat' dir='ltr'>incipientibus</span> <span class='ocrx_word' id='word_1_34' title='bbox 442 735 562 796; x_wconf 88' lang='lat' dir='ltr'>prorsus</span> <span class='ocrx_word' id='word_1_35' title='bbox 592 713 696 773; x_wconf 87' lang='lat' dir='ltr'>eadem</span> <span class='ocrx_word' id='word_1_36' title='bbox 731 716 849 773; x_wconf 86' lang='lat' dir='ltr'>ratione</span> <span class='ocrx_word' id='word_1_37' title='bbox 877 724 967 793; x_wconf 87' lang='lat' dir='ltr'>atque</span> <span class='ocrx_word' id='word_1_38' title='bbox 1001 714 1161 790; x_wconf 83' lang='lat' dir='ltr'>Homerus,</span> <span class='ocrx_word' id='word_1_39' title='bbox 1198 714 1280 772; x_wconf 89' lang='lat' dir='ltr'>cuius</span> <span class='ocrx_word' id='word_1_40' title='bbox 1315 722 1415 772; x_wconf 86' lang='lat' dir='ltr'>aetate</span> <span class='ocrx_word' id='word_1_41' title='bbox 1454 712 1523 771; x_wconf 90' lang='lat' dir='ltr'>illa</span> <span class='ocrx_word' id='word_1_42' title='bbox 1560 734 1586 771; x_wconf 87' lang='lat' dir='ltr'>a</span> 
     </span>
     <span class='ocr_line' id='line_1_6' title="bbox 196 816 1580 899; baseline -0.002 -20"><span class='ocrx_word' id='word_1_43' title='bbox 196 821 348 899; x_wconf 85' lang='lat' dir='ltr'>digammo</span> <span class='ocrx_word' id='word_1_44' title='bbox 371 821 488 878; x_wconf 86' lang='lat' dir='ltr'>initium</span> <span class='ocrx_word' id='word_1_45' title='bbox 514 818 683 898; x_wconf 81' lang='lat' dir='ltr'>capiebant,</span> <span class='ocrx_word' id='word_1_46' title='bbox 706 827 873 880; x_wconf 90' lang='lat' dir='ltr'>uterentur.</span> <span class='ocrx_word' id='word_1_47' title='bbox 897 820 957 878; x_wconf 87' lang='lat' dir='ltr'>loci</span> <span class='ocrx_word' id='word_1_48' title='bbox 980 819 1071 896; x_wconf 86' lang='lat' dir='ltr'>igitur</span> <span class='ocrx_word' id='word_1_49' title='bbox 1093 818 1182 878; x_wconf 89' lang='lat' dir='ltr'>huius</span> <span class='ocrx_word' id='word_1_50' title='bbox 1204 818 1284 877; x_wconf 92' lang='lat' dir='ltr'>modi</span> <span class='ocrx_word' id='word_1_51' title='bbox 1309 816 1580 898; x_wconf 86' lang='lat' dir='ltr'>apudTheocri-</span> 
     </span>
     <span class='ocr_line' id='line_1_7' title="bbox 198 922 1578 1005; baseline -0.001 -22"><span class='ocrx_word' id='word_1_52' title='bbox 198 934 261 983; x_wconf 90' lang='lat' dir='ltr'>tum</span> <span class='ocrx_word' id='word_1_53' title='bbox 286 925 424 984; x_wconf 89' lang='lat' dir='ltr'>similiter</span> <span class='ocrx_word' id='word_1_54' title='bbox 448 933 539 1005; x_wconf 90' lang='lat' dir='ltr'>atque</span> <span class='ocrx_word' id='word_1_55' title='bbox 563 924 641 1004; x_wconf 92' lang='lat' dir='ltr'>apud</span> <span class='ocrx_word' id='word_1_56' title='bbox 671 924 745 983; x_wconf 89' lang='lat' dir='ltr'>alios</span> <span class='ocrx_word' id='word_1_57' title='bbox 776 924 928 983; x_wconf 85' lang='lat' dir='ltr'>inferioris</span> <span class='ocrx_word' id='word_1_58' title='bbox 957 923 1064 983; x_wconf 88' lang='lat' dir='ltr'>aetatis</span> <span class='ocrx_word' id='word_1_59' title='bbox 1086 931 1192 1003; x_wconf 89' lang='lat' dir='ltr'>poetas</span> <span class='ocrx_word' id='word_1_60' title='bbox 1215 944 1275 983; x_wconf 93' lang='lat' dir='ltr'>non</span> <span class='ocrx_word' id='word_1_61' title='bbox 1299 922 1405 983; x_wconf 91' lang='lat' dir='ltr'>eadem</span> <span class='ocrx_word' id='word_1_62' title='bbox 1431 924 1578 983; x_wconf 89' lang='lat' dir='ltr'>ratione</span> 
     </span>
     <span class='ocr_line' id='line_1_8' title="bbox 199 1028 1571 1111; baseline 0 -23"><span class='ocrx_word' id='word_1_63' title='bbox 199 1030 349 1090; x_wconf 86' lang='lat' dir='ltr'>tractandi</span> <span class='ocrx_word' id='word_1_64' title='bbox 379 1040 455 1111; x_wconf 85' lang='lat' dir='ltr'>sunt,</span> <span class='ocrx_word' id='word_1_65' title='bbox 490 1051 550 1109; x_wconf 91' lang='lat' dir='ltr'>qua</span> <span class='ocrx_word' id='word_1_66' title='bbox 578 1032 610 1089; x_wconf 91' lang='lat' dir='ltr'>in</span> <span class='ocrx_word' id='word_1_67' title='bbox 636 1029 764 1089; x_wconf 81' lang='lat' dir='ltr'>Homeri</span> <span class='ocrx_word' id='word_1_68' title='bbox 797 1028 989 1104; x_wconf 81' lang='lat' dir='ltr'>carminibus,</span> <span class='ocrx_word' id='word_1_69' title='bbox 1016 1029 1068 1089; x_wconf 91' lang='lat' dir='ltr'>ubi</span> <span class='ocrx_word' id='word_1_70' title='bbox 1100 1028 1199 1088; x_wconf 87' lang='lat' dir='ltr'>hiatus</span> <span class='ocrx_word' id='word_1_71' title='bbox 1232 1028 1382 1107; x_wconf 80' lang='lat' dir='ltr'>digammo</span> <span class='ocrx_word' id='word_1_72' title='bbox 1417 1028 1571 1088; x_wconf 86' lang='lat' dir='ltr'>tollitur.</span> 
     </span>
     <span class='ocr_line' id='line_1_9' title="bbox 200 1132 1570 1213; baseline -0.001 -20"><span class='ocrx_word' id='word_1_73' title='bbox 200 1144 230 1193; x_wconf 93' lang='lat' dir='ltr'>et</span> <span class='ocrx_word' id='word_1_74' title='bbox 246 1154 313 1193; x_wconf 89' lang='lat' dir='ltr'>cum</span> <span class='ocrx_word' id='word_1_75' title='bbox 329 1135 359 1193; x_wconf 91' lang='lat' dir='ltr'>in</span> <span class='ocrx_word' id='word_1_76' title='bbox 376 1135 549 1193; x_wconf 88' lang='lat' dir='ltr'>universum</span> <span class='ocrx_word' id='word_1_77' title='bbox 567 1133 605 1193; x_wconf 90' lang='lat' dir='ltr'>de</span> <span class='ocrx_word' id='word_1_78' title='bbox 620 1135 792 1212; x_wconf 87' lang='lat' dir='ltr'>frequentia</span> <span class='ocrx_word' id='word_1_79' title='bbox 807 1133 944 1193; x_wconf 89' lang='lat' dir='ltr'>hiatuum</span> <span class='ocrx_word' id='word_1_80' title='bbox 959 1135 989 1192; x_wconf 91' lang='lat' dir='ltr'>in</span> <span class='ocrx_word' id='word_1_81' title='bbox 1007 1134 1159 1193; x_wconf 81' lang='lat' dir='ltr'>Theocriti</span> <span class='ocrx_word' id='word_1_82' title='bbox 1176 1132 1357 1194; x_wconf 81' lang='lat' dir='ltr'>carminibus</span> <span class='ocrx_word' id='word_1_83' title='bbox 1374 1143 1570 1213; x_wconf 84' lang='lat' dir='ltr'>quaeretur,</span> 
     </span>
     <span class='ocr_line' id='line_1_10' title="bbox 199 1238 1570 1319; baseline -0.001 -21"><span class='ocrx_word' id='word_1_84' title='bbox 199 1239 341 1319; x_wconf 87' lang='lat' dir='ltr'>exempla</span> <span class='ocrx_word' id='word_1_85' title='bbox 364 1260 409 1314; x_wconf 90' lang='lat' dir='ltr'>ea,</span> <span class='ocrx_word' id='word_1_86' title='bbox 434 1240 465 1298; x_wconf 90' lang='lat' dir='ltr'>in</span> <span class='ocrx_word' id='word_1_87' title='bbox 490 1238 598 1319; x_wconf 90' lang='lat' dir='ltr'>quibus</span> <span class='ocrx_word' id='word_1_88' title='bbox 621 1258 710 1299; x_wconf 88' lang='lat' dir='ltr'>voces</span> <span class='ocrx_word' id='word_1_89' title='bbox 733 1238 887 1317; x_wconf 82' lang='lat' dir='ltr'>leguntur,</span> <span class='ocrx_word' id='word_1_90' title='bbox 913 1259 1038 1317; x_wconf 80' lang='lat' dir='ltr'>quarum</span> <span class='ocrx_word' id='word_1_91' title='bbox 1060 1240 1090 1297; x_wconf 89' lang='lat' dir='ltr'>in</span> <span class='ocrx_word' id='word_1_92' title='bbox 1115 1240 1198 1297; x_wconf 89' lang='lat' dir='ltr'>initio</span> <span class='ocrx_word' id='word_1_93' title='bbox 1222 1238 1374 1318; x_wconf 87' lang='lat' dir='ltr'>digamma</span> <span class='ocrx_word' id='word_1_94' title='bbox 1396 1240 1475 1299; x_wconf 92' lang='lat' dir='ltr'>olim</span> <span class='ocrx_word' id='word_1_95' title='bbox 1494 1249 1570 1299; x_wconf 90' lang='lat' dir='ltr'>erat</span> 
     </span>
     <span class='ocr_line' id='line_1_11' title="bbox 177 1342 1566 1425; baseline -0.001 -22"><span class='ocrx_word' id='word_1_96' title='bbox 177 1347 337 1425; x_wconf 80' lang='lat' dir='ltr'>positum,</span> <span class='ocrx_word' id='word_1_97' title='bbox 363 1346 469 1404; x_wconf 89' lang='lat' dir='ltr'>ceteris</span> <span class='ocrx_word' id='word_1_98' title='bbox 486 1343 615 1403; x_wconf 87' lang='lat' dir='ltr'>hiatibus</span> <span class='ocrx_word' id='word_1_99' title='bbox 632 1343 858 1404; x_wconf 85' lang='lat' dir='ltr'>adnumeranda</span> <span class='ocrx_word' id='word_1_100' title='bbox 879 1353 974 1424; x_wconf 87' lang='lat' dir='ltr'>erunt,</span> <span class='ocrx_word' id='word_1_101' title='bbox 1003 1343 1171 1425; x_wconf 86' lang='lat' dir='ltr'>separanda</span> <span class='ocrx_word' id='word_1_102' title='bbox 1193 1355 1292 1405; x_wconf 89' lang='lat' dir='ltr'>autem</span> <span class='ocrx_word' id='word_1_103' title='bbox 1316 1342 1355 1403; x_wconf 88' lang='lat' dir='ltr'>ab</span> <span class='ocrx_word' id='word_1_104' title='bbox 1379 1344 1427 1404; x_wconf 87' lang='lat' dir='ltr'>his</span> <span class='ocrx_word' id='word_1_105' title='bbox 1452 1364 1566 1422; x_wconf 88' lang='lat' dir='ltr'>neque</span> 
     </span>
     <span class='ocr_line' id='line_1_12' title="bbox 199 1448 1562 1529; baseline 0 -22"><span class='ocrx_word' id='word_1_106' title='bbox 199 1459 300 1509; x_wconf 91' lang='lat' dir='ltr'>tamen</span> <span class='ocrx_word' id='word_1_107' title='bbox 324 1469 444 1529; x_wconf 90' lang='lat' dir='ltr'>prorsus</span> <span class='ocrx_word' id='word_1_108' title='bbox 467 1450 657 1528; x_wconf 82' lang='lat' dir='ltr'>neglegenda</span> <span class='ocrx_word' id='word_1_109' title='bbox 680 1458 776 1521; x_wconf 89' lang='lat' dir='ltr'>erunt,</span> <span class='ocrx_word' id='word_1_110' title='bbox 808 1449 862 1508; x_wconf 92' lang='lat' dir='ltr'>ubi</span> <span class='ocrx_word' id='word_1_111' title='bbox 889 1459 995 1528; x_wconf 82' lang='lat' dir='ltr'>agetur</span> <span class='ocrx_word' id='word_1_112' title='bbox 1021 1448 1059 1508; x_wconf 92' lang='lat' dir='ltr'>de</span> <span class='ocrx_word' id='word_1_113' title='bbox 1086 1450 1236 1509; x_wconf 86' lang='lat' dir='ltr'>variorum</span> <span class='ocrx_word' id='word_1_114' title='bbox 1266 1450 1401 1509; x_wconf 89' lang='lat' dir='ltr'>hiatuum</span> <span class='ocrx_word' id='word_1_115' title='bbox 1431 1458 1562 1508; x_wconf 87' lang='lat' dir='ltr'>natura.</span> 
     </span>
     <span class='ocr_line' id='line_1_13' title="bbox 285 1554 1563 1643; baseline -0.002 -29"><span class='ocrx_word' id='word_1_116' title='bbox 285 1554 360 1614; x_wconf 73' lang='lat' dir='ltr'>(lum</span> <span class='ocrx_word' id='word_1_117' title='bbox 394 1575 465 1615; x_wconf 91' lang='lat' dir='ltr'>vero</span> <span class='ocrx_word' id='word_1_118' title='bbox 496 1555 580 1633; x_wconf 91' lang='lat' dir='ltr'>prius</span> <span class='ocrx_word' id='word_1_119' title='bbox 608 1554 833 1643; x_wconf 85' lang='lat' dir='ltr'>vocabulorum,</span> <span class='ocrx_word' id='word_1_120' title='bbox 867 1575 994 1633; x_wconf 89' lang='lat' dir='ltr'>quorum</span> <span class='ocrx_word' id='word_1_121' title='bbox 1023 1555 1054 1613; x_wconf 93' lang='lat' dir='ltr'>in</span> <span class='ocrx_word' id='word_1_122' title='bbox 1087 1555 1216 1614; x_wconf 87' lang='lat' dir='ltr'>confinio</span> <span class='ocrx_word' id='word_1_123' title='bbox 1245 1554 1345 1613; x_wconf 83' lang='lat' dir='ltr'>hiatus</span> <span class='ocrx_word' id='word_1_124' title='bbox 1374 1563 1474 1626; x_wconf 84' lang='lat' dir='ltr'>extat,</span> <span class='ocrx_word' id='word_1_125' title='bbox 1505 1564 1563 1613; x_wconf 90' lang='lat' dir='ltr'>aut</span> 
     </span>
     <span class='ocr_line' id='line_1_14' title="bbox 197 1658 1559 1740; baseline 0 -23"><span class='ocrx_word' id='word_1_126' title='bbox 197 1661 318 1739; x_wconf 81' lang='lat' dir='ltr'>longam</span> <span class='ocrx_word' id='word_1_127' title='bbox 342 1668 394 1718; x_wconf 88' lang='lat' dir='ltr'>aut</span> <span class='ocrx_word' id='word_1_128' title='bbox 421 1659 545 1718; x_wconf 90' lang='lat' dir='ltr'>brevem</span> <span class='ocrx_word' id='word_1_129' title='bbox 569 1660 703 1719; x_wconf 87' lang='lat' dir='ltr'>vocalem</span> <span class='ocrx_word' id='word_1_130' title='bbox 735 1662 767 1720; x_wconf 90' lang='lat' dir='ltr'>iu</span> <span class='ocrx_word' id='word_1_131' title='bbox 798 1660 858 1719; x_wconf 89' lang='lat' dir='ltr'>fine</span> <span class='ocrx_word' id='word_1_132' title='bbox 891 1661 987 1740; x_wconf 91' lang='lat' dir='ltr'>possit</span> <span class='ocrx_word' id='word_1_133' title='bbox 1018 1658 1129 1719; x_wconf 89' lang='lat' dir='ltr'>habere</span> <span class='ocrx_word' id='word_1_134' title='bbox 1155 1661 1295 1738; x_wconf 88' lang='lat' dir='ltr'>positam,</span> <span class='ocrx_word' id='word_1_135' title='bbox 1329 1659 1408 1718; x_wconf 92' lang='lat' dir='ltr'>hanc</span> <span class='ocrx_word' id='word_1_136' title='bbox 1431 1679 1500 1717; x_wconf 90' lang='lat' dir='ltr'>reru</span> <span class='ocrx_word' id='word_1_137' title='bbox 1526 1661 1559 1717; x_wconf 93' lang='lat' dir='ltr'>in</span> 
     </span>
     <span class='ocr_line' id='line_1_15' title="bbox 199 1762 1558 1844; baseline -0.001 -22"><span class='ocrx_word' id='word_1_138' title='bbox 199 1763 408 1824; x_wconf 89' lang='lat' dir='ltr'>distribuenda</span> <span class='ocrx_word' id='word_1_139' title='bbox 441 1766 569 1823; x_wconf 88' lang='lat' dir='ltr'>materia</span> <span class='ocrx_word' id='word_1_140' title='bbox 599 1766 754 1844; x_wconf 88' lang='lat' dir='ltr'>proposita</span> <span class='ocrx_word' id='word_1_141' title='bbox 785 1764 982 1844; x_wconf 88' lang='lat' dir='ltr'>respiciamus</span> <span class='ocrx_word' id='word_1_142' title='bbox 1013 1784 1137 1824; x_wconf 86' lang='lat' dir='ltr'>necesso</span> <span class='ocrx_word' id='word_1_143' title='bbox 1170 1773 1224 1823; x_wconf 91' lang='lat' dir='ltr'>est.</span> <span class='ocrx_word' id='word_1_144' title='bbox 1264 1784 1367 1843; x_wconf 90' lang='lat' dir='ltr'>quam</span> <span class='ocrx_word' id='word_1_145' title='bbox 1400 1762 1444 1822; x_wconf 94' lang='lat' dir='ltr'>ob</span> <span class='ocrx_word' id='word_1_146' title='bbox 1479 1784 1558 1822; x_wconf 92' lang='lat' dir='ltr'>rem</span> 
     </span>
    </p>
   </div>
   <div class='ocr_carea' id='block_1_3' title="bbox 195 1868 1556 1961">
    <p class='ocr_par' dir='ltr' id='par_1_3' title="bbox 195 1868 1556 1961">
     <span class='ocr_line' id='line_1_16' title="bbox 195 1868 1556 1961; baseline 0 -33"><span class='ocrx_word' id='word_1_147' title='bbox 195 1872 326 1949; x_wconf 91' lang='lat' dir='ltr'>priore</span> <span class='ocrx_word' id='word_1_148' title='bbox 356 1870 463 1931; x_wconf 90' lang='lat' dir='ltr'>huius</span> <span class='ocrx_word' id='word_1_149' title='bbox 496 1868 630 1961; x_wconf 84' lang='lat' dir='ltr'>capitis</span> <span class='ocrx_word' id='word_1_150' title='bbox 663 1879 775 1951; x_wconf 87' lang='lat' dir='ltr'>parte·</span> <span class='ocrx_word' id='word_1_151' title='bbox 792 1869 835 1953; x_wconf 90' lang='lat' dir='ltr'>(I)</span> <span class='ocrx_word' id='word_1_152' title='bbox 859 1870 902 1930; x_wconf 93' lang='lat' dir='ltr'>de</span> <span class='ocrx_word' id='word_1_153' title='bbox 925 1891 966 1930; x_wconf 93' lang='lat' dir='ltr'>eo</span> <span class='ocrx_word' id='word_1_154' title='bbox 989 1870 1110 1929; x_wconf 88' lang='lat' dir='ltr'>hiatus</span> <span class='ocrx_word' id='word_1_155' title='bbox 1142 1890 1278 1949; x_wconf 82' lang='lat' dir='ltr'>genere</span> <span class='ocrx_word' id='word_1_156' title='bbox 1311 1870 1556 1948; x_wconf 78' lang='lat' dir='ltr'>exponemus,</span> 
     </span>
    </p>
   </div>
   <div class='ocr_carea' id='block_1_4' title="bbox 199 1973 1557 2163">
    <p class='ocr_par' dir='ltr' id='par_1_4' title="bbox 199 1973 1557 2163">
     <span class='ocr_line' id='line_1_17' title="bbox 199 1973 1557 2055; baseline -0.001 -23"><span class='ocrx_word' id='word_1_157' title='bbox 199 1976 239 2033; x_wconf 93' lang='lat' dir='ltr'>in</span> <span class='ocrx_word' id='word_1_158' title='bbox 264 1993 338 2053; x_wconf 75' lang='lat' dir='ltr'>quov</span> <span class='ocrx_word' id='word_1_159' title='bbox 356 1995 481 2035; x_wconf 89' lang='lat' dir='ltr'>voces</span> <span class='ocrx_word' id='word_1_160' title='bbox 504 1975 785 2055; x_wconf 89' lang='lat' dir='ltr'>praecedentes</span> <span class='ocrx_word' id='word_1_161' title='bbox 808 1976 845 2034; x_wconf 91' lang='lat' dir='ltr'>in</span> <span class='ocrx_word' id='word_1_162' title='bbox 868 1975 1000 2054; x_wconf 86' lang='lat' dir='ltr'>longas</span> <span class='ocrx_word' id='word_1_163' title='bbox 1024 1974 1198 2035; x_wconf 86' lang='lat' dir='ltr'>desinunt</span> <span class='ocrx_word' id='word_1_164' title='bbox 1221 1974 1404 2049; x_wconf 87' lang='lat' dir='ltr'>syllabas,</span> <span class='ocrx_word' id='word_1_165' title='bbox 1430 1973 1557 2031; x_wconf 87' lang='lat' dir='ltr'>altera</span> 
     </span>
     <span class='ocr_line' id='line_1_18' title="bbox 202 2075 1286 2163; baseline 0.004 -27"><span class='ocrx_word' id='word_1_166' title='bbox 202 2075 261 2163; x_wconf 83' lang='lat' dir='ltr'>(H)</span> <span class='ocrx_word' id='word_1_167' title='bbox 284 2079 331 2137; x_wconf 91' lang='lat' dir='ltr'>de</span> <span class='ocrx_word' id='word_1_168' title='bbox 353 2080 534 2155; x_wconf 91' lang='lat' dir='ltr'>hiatibus,</span> <span class='ocrx_word' id='word_1_169' title='bbox 559 2081 593 2138; x_wconf 91' lang='lat' dir='ltr'>in</span> <span class='ocrx_word' id='word_1_170' title='bbox 620 2080 749 2160; x_wconf 90' lang='lat' dir='ltr'>quibus</span> <span class='ocrx_word' id='word_1_171' title='bbox 773 2080 922 2140; x_wconf 87' lang='lat' dir='ltr'>vocales</span> <span class='ocrx_word' id='word_1_172' title='bbox 947 2081 1079 2140; x_wconf 89' lang='lat' dir='ltr'>breves</span> <span class='ocrx_word' id='word_1_173' title='bbox 1102 2081 1286 2159; x_wconf 86' lang='lat' dir='ltr'>leguntur.</span> 
     </span>
    </p>
   </div>
   <div class='ocr_carea' id='block_1_5' title="bbox 862 2220 887 2278">
    <p class='ocr_par' dir='ltr' id='par_1_5' title="bbox 862 2220 887 2278">
     <span class='ocr_line' id='line_1_19' title="bbox 862 2220 887 2278; baseline 0 0"><span class='ocrx_word' id='word_1_174' title='bbox 862 2220 887 2278; x_wconf 92' lang='lat' dir='ltr'>I.</span> 
     </span>
    </p>
   </div>
   <div class='ocr_carea' id='block_1_6' title="bbox 199 2342 1548 4103">
    <p class='ocr_par' dir='ltr' id='par_1_6' title="bbox 199 2342 1548 4103">
     <span class='ocr_line' id='line_1_20' title="bbox 288 2342 1548 2423; baseline -0.001 -21"><span class='ocrx_word' id='word_1_175' title='bbox 288 2342 319 2402; x_wconf 85' lang='lat' dir='ltr'>Si</span> <span class='ocrx_word' id='word_1_176' title='bbox 342 2363 402 2401; x_wconf 87' lang='lat' dir='ltr'>vox</span> <span class='ocrx_word' id='word_1_177' title='bbox 426 2344 458 2401; x_wconf 90' lang='lat' dir='ltr'>in</span> <span class='ocrx_word' id='word_1_178' title='bbox 481 2342 601 2420; x_wconf 83' lang='lat' dir='ltr'>leugam</span> <span class='ocrx_word' id='word_1_179' title='bbox 626 2343 761 2401; x_wconf 88' lang='lat' dir='ltr'>vocalem</span> <span class='ocrx_word' id='word_1_180' title='bbox 789 2344 840 2401; x_wconf 84' lang='lat' dir='ltr'>vel</span> <span class='ocrx_word' id='word_1_181' title='bbox 864 2343 1084 2423; x_wconf 83' lang='lat' dir='ltr'>diphthongum</span> <span class='ocrx_word' id='word_1_182' title='bbox 1109 2344 1252 2404; x_wconf 89' lang='lat' dir='ltr'>desinens</span> <span class='ocrx_word' id='word_1_183' title='bbox 1275 2353 1346 2402; x_wconf 91' lang='lat' dir='ltr'>ante</span> <span class='ocrx_word' id='word_1_184' title='bbox 1368 2342 1548 2403; x_wconf 84' lang='lat' dir='ltr'>vocabulum</span> 
     </span>
     <span class='ocr_line' id='line_1_21' title="bbox 199 2447 1548 2528; baseline 0 -23"><span class='ocrx_word' id='word_1_185' title='bbox 199 2470 217 2505; x_wconf 87' lang='lat' dir='ltr'>a</span> <span class='ocrx_word' id='word_1_186' title='bbox 241 2447 340 2506; x_wconf 87' lang='lat' dir='ltr'>vocali</span> <span class='ocrx_word' id='word_1_187' title='bbox 369 2449 516 2526; x_wconf 90' lang='lat' dir='ltr'>incipiens</span> <span class='ocrx_word' id='word_1_188' title='bbox 550 2448 731 2521; x_wconf 89' lang='lat' dir='ltr'>conlocatur,</span> <span class='ocrx_word' id='word_1_189' title='bbox 766 2448 916 2528; x_wconf 86' lang='lat' dir='ltr'>syllabam</span> <span class='ocrx_word' id='word_1_190' title='bbox 948 2448 1031 2507; x_wconf 89' lang='lat' dir='ltr'>illam</span> <span class='ocrx_word' id='word_1_191' title='bbox 1063 2449 1183 2507; x_wconf 89' lang='lat' dir='ltr'>finalem</span> <span class='ocrx_word' id='word_1_192' title='bbox 1212 2448 1293 2527; x_wconf 91' lang='lat' dir='ltr'>apud</span> <span class='ocrx_word' id='word_1_193' title='bbox 1316 2469 1419 2507; x_wconf 89' lang='lat' dir='ltr'>omnes</span> <span class='ocrx_word' id='word_1_194' title='bbox 1441 2456 1548 2526; x_wconf 89' lang='lat' dir='ltr'>poetas</span> 
     </span>
     <span class='ocr_line' id='line_1_22' title="bbox 201 2551 1546 2632; baseline 0 -21"><span class='ocrx_word' id='word_1_195' title='bbox 201 2552 331 2612; x_wconf 86' lang='lat' dir='ltr'>Graecos</span> <span class='ocrx_word' id='word_1_196' title='bbox 364 2551 436 2611; x_wconf 89' lang='lat' dir='ltr'>iude</span> <span class='ocrx_word' id='word_1_197' title='bbox 469 2552 506 2611; x_wconf 93' lang='lat' dir='ltr'>ab</span> <span class='ocrx_word' id='word_1_198' title='bbox 530 2552 663 2612; x_wconf 89' lang='lat' dir='ltr'>Homero</span> <span class='ocrx_word' id='word_1_199' title='bbox 696 2553 785 2630; x_wconf 83' lang='lat' dir='ltr'>longe</span> <span class='ocrx_word' id='word_1_200' title='bbox 818 2553 997 2631; x_wconf 88' lang='lat' dir='ltr'>saepissime</span> <span class='ocrx_word' id='word_1_201' title='bbox 1029 2555 1138 2632; x_wconf 90' lang='lat' dir='ltr'>corripi</span> <span class='ocrx_word' id='word_1_202' title='bbox 1172 2554 1244 2612; x_wconf 87' lang='lat' dir='ltr'>satis</span> <span class='ocrx_word' id='word_1_203' title='bbox 1275 2562 1400 2613; x_wconf 86' lang='lat' dir='ltr'>constat.</span> <span class='ocrx_word' id='word_1_204' title='bbox 1433 2574 1492 2631; x_wconf 85' lang='lat' dir='ltr'>qua</span> <span class='ocrx_word' id='word_1_205' title='bbox 1514 2574 1546 2611; x_wconf 92' lang='lat' dir='ltr'>re</span> 
     </span>
     <span class='ocr_line' id='line_1_23' title="bbox 199 2656 1543 2737; baseline 0.002 -24"><span class='ocrx_word' id='word_1_206' title='bbox 199 2656 311 2715; x_wconf 89' lang='lat' dir='ltr'>factum</span> <span class='ocrx_word' id='word_1_207' title='bbox 336 2666 391 2729; x_wconf 91' lang='lat' dir='ltr'>est,</span> <span class='ocrx_word' id='word_1_208' title='bbox 415 2666 448 2716; x_wconf 92' lang='lat' dir='ltr'>ut</span> <span class='ocrx_word' id='word_1_209' title='bbox 471 2657 607 2717; x_wconf 89' lang='lat' dir='ltr'>homines</span> <span class='ocrx_word' id='word_1_210' title='bbox 631 2658 720 2730; x_wconf 92' lang='lat' dir='ltr'>docti,</span> <span class='ocrx_word' id='word_1_211' title='bbox 744 2656 928 2737; x_wconf 87' lang='lat' dir='ltr'>ubicumque</span> <span class='ocrx_word' id='word_1_212' title='bbox 950 2658 1002 2717; x_wconf 82' lang='lat' dir='ltr'>lex</span> <span class='ocrx_word' id='word_1_213' title='bbox 1026 2678 1062 2717; x_wconf 88' lang='lat' dir='ltr'>ea</span> <span class='ocrx_word' id='word_1_214' title='bbox 1086 2657 1246 2717; x_wconf 87' lang='lat' dir='ltr'>observata</span> <span class='ocrx_word' id='word_1_215' title='bbox 1268 2657 1481 2737; x_wconf 87' lang='lat' dir='ltr'>reperiebatur,</span> <span class='ocrx_word' id='word_1_216' title='bbox 1507 2656 1543 2716; x_wconf 90' lang='lat' dir='ltr'>de</span> 
     </span>
     <span class='ocr_line' id='line_1_24' title="bbox 203 2761 1543 2842; baseline 0 -24"><span class='ocrx_word' id='word_1_217' title='bbox 203 2762 288 2821; x_wconf 88' lang='lat' dir='ltr'>hiatu</span> <span class='ocrx_word' id='word_1_218' title='bbox 311 2783 371 2820; x_wconf 92' lang='lat' dir='ltr'>non</span> <span class='ocrx_word' id='word_1_219' title='bbox 394 2763 453 2819; x_wconf 88' lang='lat' dir='ltr'>iarn</span> <span class='ocrx_word' id='word_1_220' title='bbox 478 2762 671 2841; x_wconf 81' lang='lat' dir='ltr'>cogitandum</span> <span class='ocrx_word' id='word_1_221' title='bbox 694 2771 724 2821; x_wconf 87' lang='lat' dir='ltr'>et</span> <span class='ocrx_word' id='word_1_222' title='bbox 744 2763 825 2822; x_wconf 90' lang='lat' dir='ltr'>locos</span> <span class='ocrx_word' id='word_1_223' title='bbox 843 2764 885 2821; x_wconf 88' lang='lat' dir='ltr'>ita</span> <span class='ocrx_word' id='word_1_224' title='bbox 901 2772 1088 2842; x_wconf 88' lang='lat' dir='ltr'>comparatos</span> <span class='ocrx_word' id='word_1_225' title='bbox 1103 2764 1134 2821; x_wconf 92' lang='lat' dir='ltr'>in</span> <span class='ocrx_word' id='word_1_226' title='bbox 1151 2762 1378 2842; x_wconf 89' lang='lat' dir='ltr'>quaestionibus</span> <span class='ocrx_word' id='word_1_227' title='bbox 1395 2761 1432 2821; x_wconf 93' lang='lat' dir='ltr'>de</span> <span class='ocrx_word' id='word_1_228' title='bbox 1448 2762 1543 2820; x_wconf 87' lang='lat' dir='ltr'>hiatus</span> 
     </span>
     <span class='ocr_line' id='line_1_25' title="bbox 205 2867 1541 2947; baseline 0 -22"><span class='ocrx_word' id='word_1_229' title='bbox 205 2888 261 2927; x_wconf 89' lang='lat' dir='ltr'>usu</span> <span class='ocrx_word' id='word_1_230' title='bbox 285 2868 429 2926; x_wconf 89' lang='lat' dir='ltr'>institutis</span> <span class='ocrx_word' id='word_1_231' title='bbox 453 2867 572 2927; x_wconf 91' lang='lat' dir='ltr'>silentio</span> <span class='ocrx_word' id='word_1_232' title='bbox 596 2867 832 2947; x_wconf 86' lang='lat' dir='ltr'>praetereundos</span> <span class='ocrx_word' id='word_1_233' title='bbox 856 2888 922 2928; x_wconf 77' lang='lat' dir='ltr'>esse</span> <span class='ocrx_word' id='word_1_234' title='bbox 947 2877 1113 2928; x_wconf 87' lang='lat' dir='ltr'>censerent.</span> <span class='ocrx_word' id='word_1_235' title='bbox 1137 2877 1229 2947; x_wconf 88' lang='lat' dir='ltr'>atque</span> <span class='ocrx_word' id='word_1_236' title='bbox 1252 2867 1378 2927; x_wconf 90' lang='lat' dir='ltr'>eandem</span> <span class='ocrx_word' id='word_1_237' title='bbox 1402 2867 1541 2926; x_wconf 90' lang='lat' dir='ltr'>rationem</span> 
     </span>
     <span class='ocr_line' id='line_1_26' title="bbox 200 2970 1541 3053; baseline -0.002 -22"><span class='ocrx_word' id='word_1_238' title='bbox 200 2994 217 3031; x_wconf 89' lang='lat' dir='ltr'>a</span> <span class='ocrx_word' id='word_1_239' title='bbox 249 2974 501 3051; x_wconf 83' lang='lat' dir='ltr'>Krucgermanno</span> <span class='ocrx_word' id='word_1_240' title='bbox 534 2994 654 3053; x_wconf 89' lang='lat' dir='ltr'>quoque</span> <span class='ocrx_word' id='word_1_241' title='bbox 688 2974 708 3035; x_wconf 91' lang='lat' dir='ltr'>l.</span> <span class='ocrx_word' id='word_1_242' title='bbox 734 2992 758 3031; x_wconf 91' lang='lat' dir='ltr'>c.</span> <span class='ocrx_word' id='word_1_243' title='bbox 783 2975 890 3032; x_wconf 89' lang='lat' dir='ltr'>initam</span> <span class='ocrx_word' id='word_1_244' title='bbox 923 2993 989 3034; x_wconf 91' lang='lat' dir='ltr'>esse</span> <span class='ocrx_word' id='word_1_245' title='bbox 1020 2974 1169 3032; x_wconf 88' lang='lat' dir='ltr'>invenies.</span> <span class='ocrx_word' id='word_1_246' title='bbox 1200 2972 1256 3031; x_wconf 90' lang='lat' dir='ltr'>sed</span> <span class='ocrx_word' id='word_1_247' title='bbox 1288 2972 1378 3032; x_wconf 89' lang='lat' dir='ltr'>buius</span> <span class='ocrx_word' id='word_1_248' title='bbox 1409 2970 1541 3030; x_wconf 93' lang='lat' dir='ltr'>modiin</span> 
     </span>
     <span class='ocr_line' id='line_1_27' title="bbox 204 3076 1541 3158; baseline -0.004 -21"><span class='ocrx_word' id='word_1_249' title='bbox 204 3078 428 3158; x_wconf 88' lang='lat' dir='ltr'>quaestionibus</span> <span class='ocrx_word' id='word_1_250' title='bbox 461 3080 590 3157; x_wconf 88' lang='lat' dir='ltr'>primum</span> <span class='ocrx_word' id='word_1_251' title='bbox 621 3080 688 3157; x_wconf 87' lang='lat' dir='ltr'>ipsa</span> <span class='ocrx_word' id='word_1_252' title='bbox 720 3080 808 3151; x_wconf 87' lang='lat' dir='ltr'>ratio,</span> <span class='ocrx_word' id='word_1_253' title='bbox 843 3098 920 3157; x_wconf 92' lang='lat' dir='ltr'>quae</span> <span class='ocrx_word' id='word_1_254' title='bbox 953 3080 1033 3137; x_wconf 90' lang='lat' dir='ltr'>inter</span> <span class='ocrx_word' id='word_1_255' title='bbox 1065 3098 1221 3137; x_wconf 88' lang='lat' dir='ltr'>numerum</span> <span class='ocrx_word' id='word_1_256' title='bbox 1254 3078 1456 3156; x_wconf 84' lang='lat' dir='ltr'>exemplorum</span> <span class='ocrx_word' id='word_1_257' title='bbox 1484 3076 1541 3152; x_wconf 86' lang='lat' dir='ltr'>logi</span> 
     </span>
     <span class='ocr_line' id='line_1_28' title="bbox 202 3181 1541 3263; baseline -0.002 -23"><span class='ocrx_word' id='word_1_258' title='bbox 202 3186 435 3263; x_wconf 81' lang='lat' dir='ltr'>repugnantium</span> <span class='ocrx_word' id='word_1_259' title='bbox 469 3181 628 3242; x_wconf 88' lang='lat' dir='ltr'>intercedit</span> <span class='ocrx_word' id='word_1_260' title='bbox 659 3192 689 3241; x_wconf 91' lang='lat' dir='ltr'>et</span> <span class='ocrx_word' id='word_1_261' title='bbox 722 3202 834 3255; x_wconf 88' lang='lat' dir='ltr'>eorum,</span> <span class='ocrx_word' id='word_1_262' title='bbox 868 3181 976 3261; x_wconf 88' lang='lat' dir='ltr'>quibus</span> <span class='ocrx_word' id='word_1_263' title='bbox 1008 3182 1060 3241; x_wconf 82' lang='lat' dir='ltr'>lex</span> <span class='ocrx_word' id='word_1_264' title='bbox 1088 3181 1274 3254; x_wconf 86' lang='lat' dir='ltr'>observatur,</span> <span class='ocrx_word' id='word_1_265' title='bbox 1310 3190 1356 3240; x_wconf 90' lang='lat' dir='ltr'>sat</span> <span class='ocrx_word' id='word_1_266' title='bbox 1379 3181 1473 3259; x_wconf 86' lang='lat' dir='ltr'>magni</span> <span class='ocrx_word' id='word_1_267' title='bbox 1496 3188 1541 3238; x_wconf 91' lang='lat' dir='ltr'>est</span> 
     </span>
     <span class='ocr_line' id='line_1_29' title="bbox 202 3285 1538 3367; baseline -0.001 -22"><span class='ocrx_word' id='word_1_268' title='bbox 202 3290 361 3362; x_wconf 82' lang='lat' dir='ltr'>momenti3</span> <span class='ocrx_word' id='word_1_269' title='bbox 379 3286 489 3345; x_wconf 89' lang='lat' dir='ltr'>deinde</span> <span class='ocrx_word' id='word_1_270' title='bbox 499 3287 642 3359; x_wconf 91' lang='lat' dir='ltr'>locorum,</span> <span class='ocrx_word' id='word_1_271' title='bbox 661 3286 768 3366; x_wconf 90' lang='lat' dir='ltr'>quibus</span> <span class='ocrx_word' id='word_1_272' title='bbox 782 3288 895 3346; x_wconf 89' lang='lat' dir='ltr'>vocalis</span> <span class='ocrx_word' id='word_1_273' title='bbox 909 3289 1078 3367; x_wconf 87' lang='lat' dir='ltr'>corripitur,</span> <span class='ocrx_word' id='word_1_274' title='bbox 1092 3288 1225 3346; x_wconf 90' lang='lat' dir='ltr'>omnium</span> <span class='ocrx_word' id='word_1_275' title='bbox 1242 3306 1430 3365; x_wconf 86' lang='lat' dir='ltr'>nequaquam</span> <span class='ocrx_word' id='word_1_276' title='bbox 1442 3285 1538 3344; x_wconf 85' lang='lat' dir='ltr'>eadem</span> 
     </span>
     <span class='ocr_line' id='line_1_30' title="bbox 204 3391 1537 3471; baseline -0.003 -20"><span class='ocrx_word' id='word_1_277' title='bbox 204 3402 249 3451; x_wconf 84' lang='lat' dir='ltr'>ost</span> <span class='ocrx_word' id='word_1_278' title='bbox 272 3401 389 3464; x_wconf 88' lang='lat' dir='ltr'>natura,</span> <span class='ocrx_word' id='word_1_279' title='bbox 416 3400 506 3471; x_wconf 87' lang='lat' dir='ltr'>atque</span> <span class='ocrx_word' id='word_1_280' title='bbox 529 3392 649 3470; x_wconf 82' lang='lat' dir='ltr'>singula</span> <span class='ocrx_word' id='word_1_281' title='bbox 671 3391 792 3451; x_wconf 90' lang='lat' dir='ltr'>illorum</span> <span class='ocrx_word' id='word_1_282' title='bbox 813 3413 927 3471; x_wconf 83' lang='lat' dir='ltr'>genera</span> <span class='ocrx_word' id='word_1_283' title='bbox 950 3400 1169 3470; x_wconf 85' lang='lat' dir='ltr'>cognoscantur</span> <span class='ocrx_word' id='word_1_284' title='bbox 1188 3410 1313 3451; x_wconf 90' lang='lat' dir='ltr'>necesse</span> <span class='ocrx_word' id='word_1_285' title='bbox 1329 3401 1384 3449; x_wconf 82' lang='lat' dir='ltr'>est.</span> <span class='ocrx_word' id='word_1_286' title='bbox 1409 3410 1537 3469; x_wconf 86' lang='lat' dir='ltr'>quaeres</span> 
     </span>
     <span class='ocr_line' id='line_1_31' title="bbox 201 3495 1537 3575; baseline -0.001 -20"><span class='ocrx_word' id='word_1_287' title='bbox 201 3518 267 3556; x_wconf 92' lang='lat' dir='ltr'>curn</span> <span class='ocrx_word' id='word_1_288' title='bbox 290 3499 333 3556; x_wconf 89' lang='lat' dir='ltr'>ita</span> <span class='ocrx_word' id='word_1_289' title='bbox 357 3517 389 3555; x_wconf 91' lang='lat' dir='ltr'>se</span> <span class='ocrx_word' id='word_1_290' title='bbox 418 3496 538 3569; x_wconf 89' lang='lat' dir='ltr'>babeat,</span> <span class='ocrx_word' id='word_1_291' title='bbox 573 3498 663 3555; x_wconf 89' lang='lat' dir='ltr'>etiam</span> <span class='ocrx_word' id='word_1_292' title='bbox 697 3498 727 3555; x_wconf 90' lang='lat' dir='ltr'>in</span> <span class='ocrx_word' id='word_1_293' title='bbox 761 3498 912 3575; x_wconf 83' lang='lat' dir='ltr'>legitimos</span> <span class='ocrx_word' id='word_1_294' title='bbox 944 3496 1013 3555; x_wconf 90' lang='lat' dir='ltr'>illos</span> <span class='ocrx_word' id='word_1_295' title='bbox 1042 3496 1143 3555; x_wconf 89' lang='lat' dir='ltr'>hiatus</span> <span class='ocrx_word' id='word_1_296' title='bbox 1174 3497 1288 3575; x_wconf 87' lang='lat' dir='ltr'>inquiri</span> <span class='ocrx_word' id='word_1_297' title='bbox 1318 3495 1428 3554; x_wconf 88' lang='lat' dir='ltr'>debere</span> <span class='ocrx_word' id='word_1_298' title='bbox 1454 3496 1537 3553; x_wconf 90' lang='lat' dir='ltr'>maui-</span> 
     </span>
     <span class='ocr_line' id='line_1_32' title="bbox 201 3599 1532 3681; baseline -0.002 -22"><span class='ocrx_word' id='word_1_299' title='bbox 201 3604 309 3663; x_wconf 88' lang='lat' dir='ltr'>festum</span> <span class='ocrx_word' id='word_1_300' title='bbox 346 3610 399 3661; x_wconf 87' lang='lat' dir='ltr'>ost.</span> <span class='ocrx_word' id='word_1_301' title='bbox 434 3604 538 3681; x_wconf 88' lang='lat' dir='ltr'>itaque</span> <span class='ocrx_word' id='word_1_302' title='bbox 570 3602 659 3661; x_wconf 88' lang='lat' dir='ltr'>haec</span> <span class='ocrx_word' id='word_1_303' title='bbox 691 3602 955 3681; x_wconf 89' lang='lat' dir='ltr'>disputationis</span> <span class='ocrx_word' id='word_1_304' title='bbox 988 3610 1136 3660; x_wconf 89' lang='lat' dir='ltr'>nostrae</span> <span class='ocrx_word' id='word_1_305' title='bbox 1167 3622 1253 3681; x_wconf 89' lang='lat' dir='ltr'>pars</span> <span class='ocrx_word' id='word_1_306' title='bbox 1277 3603 1313 3658; x_wconf 90' lang='lat' dir='ltr'>in</span> <span class='ocrx_word' id='word_1_307' title='bbox 1338 3600 1408 3659; x_wconf 93' lang='lat' dir='ltr'>dua</span> <span class='ocrx_word' id='word_1_308' title='bbox 1429 3599 1532 3659; x_wconf 80' lang='lat' dir='ltr'>distri</span> 
     </span>
     <span class='ocr_line' id='line_1_33' title="bbox 201 3703 1535 3788; baseline -0.002 -23"><span class='ocrx_word' id='word_1_309' title='bbox 201 3708 373 3765; x_wconf 91' lang='lat' dir='ltr'>buenda</span> <span class='ocrx_word' id='word_1_310' title='bbox 404 3709 490 3766; x_wconf 89' lang='lat' dir='ltr'>erit</span> <span class='ocrx_word' id='word_1_311' title='bbox 518 3708 678 3787; x_wconf 88' lang='lat' dir='ltr'>capita,</span> <span class='ocrx_word' id='word_1_312' title='bbox 713 3728 863 3787; x_wconf 91' lang='lat' dir='ltr'>quorum</span> <span class='ocrx_word' id='word_1_313' title='bbox 891 3708 1018 3785; x_wconf 91' lang='lat' dir='ltr'>priore</span> <span class='ocrx_word' id='word_1_314' title='bbox 1042 3703 1105 3788; x_wconf 82' lang='lat' dir='ltr'>(A)</span> <span class='ocrx_word' id='word_1_315' title='bbox 1130 3726 1190 3765; x_wconf 89' lang='lat' dir='ltr'>eos</span> <span class='ocrx_word' id='word_1_316' title='bbox 1218 3706 1339 3764; x_wconf 90' lang='lat' dir='ltr'>hiatus</span> <span class='ocrx_word' id='word_1_317' title='bbox 1363 3724 1535 3784; x_wconf 89' lang='lat' dir='ltr'>percense-</span> 
     </span>
     <span class='ocr_line' id='line_1_34' title="bbox 201 3811 1535 3893; baseline -0.003 -22"><span class='ocrx_word' id='word_1_318' title='bbox 201 3812 338 3887; x_wconf 90' lang='lat' dir='ltr'>bimus,</span> <span class='ocrx_word' id='word_1_319' title='bbox 372 3814 408 3871; x_wconf 92' lang='lat' dir='ltr'>in</span> <span class='ocrx_word' id='word_1_320' title='bbox 442 3813 575 3892; x_wconf 89' lang='lat' dir='ltr'>quibus</span> <span class='ocrx_word' id='word_1_321' title='bbox 608 3823 685 3873; x_wconf 90' lang='lat' dir='ltr'>tota</span> <span class='ocrx_word' id='word_1_322' title='bbox 717 3816 774 3873; x_wconf 87' lang='lat' dir='ltr'>vis</span> <span class='ocrx_word' id='word_1_323' title='bbox 805 3813 961 3872; x_wconf 88' lang='lat' dir='ltr'>ultimae</span> <span class='ocrx_word' id='word_1_324' title='bbox 992 3811 1162 3893; x_wconf 87' lang='lat' dir='ltr'>syllabae</span> <span class='ocrx_word' id='word_1_325' title='bbox 1186 3812 1286 3871; x_wconf 89' lang='lat' dir='ltr'>vocis</span> <span class='ocrx_word' id='word_1_326' title='bbox 1310 3819 1535 3889; x_wconf 86' lang='lat' dir='ltr'>antegressae</span> 
     </span>
     <span class='ocr_line' id='line_1_35' title="bbox 200 3916 1534 4001; baseline -0.004 -24"><span class='ocrx_word' id='word_1_327' title='bbox 200 3926 407 3993; x_wconf 86' lang='lat' dir='ltr'>servatur,</span> <span class='ocrx_word' id='word_1_328' title='bbox 432 3920 570 3977; x_wconf 89' lang='lat' dir='ltr'>altero</span> <span class='ocrx_word' id='word_1_329' title='bbox 589 3916 653 4001; x_wconf 87' lang='lat' dir='ltr'>(B)</span> <span class='ocrx_word' id='word_1_330' title='bbox 673 3939 839 3998; x_wconf 85' lang='lat' dir='ltr'>agemus</span> <span class='ocrx_word' id='word_1_331' title='bbox 863 3918 909 3977; x_wconf 90' lang='lat' dir='ltr'>de</span> <span class='ocrx_word' id='word_1_332' title='bbox 934 3917 1137 3990; x_wconf 87' lang='lat' dir='ltr'>hiatibus,</span> <span class='ocrx_word' id='word_1_333' title='bbox 1164 3919 1198 3975; x_wconf 90' lang='lat' dir='ltr'>iu</span> <span class='ocrx_word' id='word_1_334' title='bbox 1224 3917 1376 3996; x_wconf 90' lang='lat' dir='ltr'>quibus</span> <span class='ocrx_word' id='word_1_335' title='bbox 1399 3916 1534 3993; x_wconf 84' lang='lat' dir='ltr'>longae</span> 
     </span>
     <span class='ocr_line' id='line_1_36' title="bbox 200 4023 877 4103; baseline -0.003 -21"><span class='ocrx_word' id='word_1_336' title='bbox 200 4024 376 4103; x_wconf 87' lang='lat' dir='ltr'>syllabae</span> <span class='ocrx_word' id='word_1_337' title='bbox 398 4023 563 4082; x_wconf 88' lang='lat' dir='ltr'>finales</span> <span class='ocrx_word' id='word_1_338' title='bbox 587 4024 877 4102; x_wconf 88' lang='lat' dir='ltr'>corripiuntur.</span> 
     </span>
    </p>
   </div>
   <div class='ocr_carea' id='block_1_7' title="bbox 860 4147 899 4205">
    <p class='ocr_par' dir='ltr' id='par_1_7' title="bbox 860 4147 899 4205">
     <span class='ocr_line' id='line_1_37' title="bbox 860 4147 899 4205; baseline 0 0"><span class='ocrx_word' id='word_1_339' title='bbox 860 4147 899 4205; x_wconf 84' lang='lat' dir='ltr'>A.</span> 
     </span>
    </p>
   </div>
   <div class='ocr_carea' id='block_1_8' title="bbox 201 4267 1530 4557">
    <p class='ocr_par' dir='ltr' id='par_1_8' title="bbox 201 4267 1530 4557">
     <span class='ocr_line' id='line_1_38' title="bbox 287 4267 1530 4349; baseline -0.003 -20"><span class='ocrx_word' id='word_1_340' title='bbox 287 4271 412 4348; x_wconf 87' lang='lat' dir='ltr'>Longae</span> <span class='ocrx_word' id='word_1_341' title='bbox 437 4267 575 4349; x_wconf 88' lang='lat' dir='ltr'>syllabae</span> <span class='ocrx_word' id='word_1_342' title='bbox 597 4268 703 4327; x_wconf 90' lang='lat' dir='ltr'>finales</span> <span class='ocrx_word' id='word_1_343' title='bbox 728 4268 758 4329; x_wconf 91' lang='lat' dir='ltr'>in</span> <span class='ocrx_word' id='word_1_344' title='bbox 782 4267 868 4328; x_wconf 91' lang='lat' dir='ltr'>hiatu</span> <span class='ocrx_word' id='word_1_345' title='bbox 895 4269 1011 4349; x_wconf 88' lang='lat' dir='ltr'>positae</span> <span class='ocrx_word' id='word_1_346' title='bbox 1034 4277 1068 4327; x_wconf 91' lang='lat' dir='ltr'>ut</span> <span class='ocrx_word' id='word_1_347' title='bbox 1091 4277 1187 4328; x_wconf 90' lang='lat' dir='ltr'>totam</span> <span class='ocrx_word' id='word_1_348' title='bbox 1203 4269 1267 4326; x_wconf 87' lang='lat' dir='ltr'>vim</span> <span class='ocrx_word' id='word_1_349' title='bbox 1291 4286 1374 4326; x_wconf 90' lang='lat' dir='ltr'>suam</span> <span class='ocrx_word' id='word_1_350' title='bbox 1395 4268 1530 4339; x_wconf 87' lang='lat' dir='ltr'>retineant,</span> 
     </span>
     <span class='ocr_line' id='line_1_39' title="bbox 208 4372 1529 4454; baseline -0.001 -21"><span class='ocrx_word' id='word_1_351' title='bbox 208 4376 267 4433; x_wconf 86' lang='lat' dir='ltr'>iarn</span> <span class='ocrx_word' id='word_1_352' title='bbox 292 4378 322 4434; x_wconf 92' lang='lat' dir='ltr'>iu</span> <span class='ocrx_word' id='word_1_353' title='bbox 340 4376 465 4435; x_wconf 88' lang='lat' dir='ltr'>Homeri</span> <span class='ocrx_word' id='word_1_354' title='bbox 491 4374 673 4434; x_wconf 89' lang='lat' dir='ltr'>carminibus</span> <span class='ocrx_word' id='word_1_355' title='bbox 689 4374 770 4433; x_wconf 86' lang='lat' dir='ltr'>locis</span> <span class='ocrx_word' id='word_1_356' title='bbox 782 4374 872 4452; x_wconf 83' lang='lat' dir='ltr'>longe</span> <span class='ocrx_word' id='word_1_357' title='bbox 886 4374 1024 4454; x_wconf 91' lang='lat' dir='ltr'>plurimis</span> <span class='ocrx_word' id='word_1_358' title='bbox 1047 4376 1161 4433; x_wconf 87' lang='lat' dir='ltr'>maiore</span> <span class='ocrx_word' id='word_1_359' title='bbox 1177 4374 1251 4433; x_wconf 87' lang='lat' dir='ltr'>arsis</span> <span class='ocrx_word' id='word_1_360' title='bbox 1268 4375 1299 4431; x_wconf 91' lang='lat' dir='ltr'>vi</span> <span class='ocrx_word' id='word_1_361' title='bbox 1316 4373 1393 4432; x_wconf 81' lang='lat' dir='ltr'>effici</span> <span class='ocrx_word' id='word_1_362' title='bbox 1410 4372 1529 4432; x_wconf 88' lang='lat' dir='ltr'>videmus.</span> 
     </span>
     <span class='ocr_line' id='line_1_40' title="bbox 201 4478 1529 4557; baseline -0.004 -20"><span class='ocrx_word' id='word_1_363' title='bbox 201 4501 265 4537; x_wconf 89' lang='lat' dir='ltr'>cum</span> <span class='ocrx_word' id='word_1_364' title='bbox 292 4482 369 4537; x_wconf 88' lang='lat' dir='ltr'>enirn</span> <span class='ocrx_word' id='word_1_365' title='bbox 395 4480 453 4538; x_wconf 72' lang='lat' dir='ltr'>diro</span> <span class='ocrx_word' id='word_1_366' title='bbox 478 4482 540 4539; x_wconf 88' lang='lat' dir='ltr'>fere</span> <span class='ocrx_word' id='word_1_367' title='bbox 569 4480 653 4538; x_wconf 91' lang='lat' dir='ltr'>milia</span> <span class='ocrx_word' id='word_1_368' title='bbox 683 4480 891 4557; x_wconf 85' lang='lat' dir='ltr'>exemplorum</span> <span class='ocrx_word' id='word_1_369' title='bbox 915 4479 958 4538; x_wconf 93' lang='lat' dir='ltr'>ibi</span> <span class='ocrx_word' id='word_1_370' title='bbox 982 4488 1096 4549; x_wconf 85' lang='lat' dir='ltr'>extent,</span> <span class='ocrx_word' id='word_1_371' title='bbox 1130 4480 1161 4536; x_wconf 93' lang='lat' dir='ltr'>in</span> <span class='ocrx_word' id='word_1_372' title='bbox 1195 4480 1305 4557; x_wconf 87' lang='lat' dir='ltr'>quibus</span> <span class='ocrx_word' id='word_1_373' title='bbox 1334 4478 1460 4556; x_wconf 87' lang='lat' dir='ltr'>syllabae</span> <span class='ocrx_word' id='word_1_374' title='bbox 1481 4496 1529 4535; x_wconf 88' lang='lat' dir='ltr'>non</span> 
     </span>
    </p>
   </div>
   <div class='ocr_carea' id='block_1_9' title="bbox 0 0 1654 5059">
    <p class='ocr_par' dir='ltr' id='par_1_9' title="bbox 0 0 1654 5059">
     <span class='ocr_line' id='line_1_41' title="bbox 0 0 1654 5059; baseline 0 1"><span class='ocrx_word' id='word_1_375' title='bbox 0 0 1654 5059; x_wconf 95' lang='lat' dir='ltr'> </span> 
     </span>
    </p>
   </div>
  </div>
 </body>
</html>
