3300 5059
194 240 256 307 322

196 458 284 519 quam
307 457 370 497 rom
403 438 472 517 ipse
495 437 538 495 sic
561 444 695 511 excusat,
727 442 762 495 ut
784 454 817 495 se
850 434 1084 493 locutum-esse
1107 430 1189 491 dicat
1219 450 1278 490 uon
1304 439 1337 490 ut
1360 428 1398 490 de
1420 427 1535 510 oppido,
1623 450 1624 525 ι

195 543 249 603 sed
272 551 307 602 ut
338 542 476 621 deloco,
508 541 593 600 cuius
624 560 697 601 usus
720 538 779 617 duo
814 540 944 599 citantur
966 558 983 598 e
1006 536 1145 613 Terentii
1168 535 1317 595 Eunucho
1351 536 1490 615 er'rempla
1511 531 1537 618 (Ι
1623 538 1624 573 3

105 676 110 679 ·
196 651 226 731 2,
251 649 306 724 35;
340 648 444 723 1114,
470 641 517 729 1);
548 647 586 705 ef.
617 668 649 728 p.
673 648 748 708 328.
770 653 929 726 praeterea
963 644 1122 724 respicitur
1155 641 1244 701 dictio
1273 642 1460 703 Terentiana
1486 640 1533 701 Or.

197 755 340 835 47,157,
364 751 417 812 ubi
433 750 540 812 Cicero
563 772 658 812 novos
681 760 816 813 oratores
832 769 996 831 eorumque
1011 749 1159 809 rationem
1181 748 1229 808 his
1245 748 1346 829 verbis
1369 749 1535 830 impugnat:
1623 726 1624 751 ³

197 858 280 941 ‘quid
304 856 386 939 quod
409 858 453 918 sic
475 858 561 939 loqui
584 862 693 932 ‘nosse,
723 852 883 918 iudicasse'
908 864 1025 929 vetant,
1059 846 1197 915 ‘novisie'
1230 852 1335 914 iubent
1367 863 1397 915 et
1421 856 1538 916 ‘iudiea-

119 945 124 951 ⁵
196 963 308 1024 visse'?
331 964 418 1045 quasi
450 982 522 1023 vero
544 964 714 1024 nesciamus
741 964 774 1021 in
805 961 864 1023 hoc
885 980 997 1042 genere
1021 968 1051 1021 et
1072 960 1197 1042 plenum
1220 961 1346 1020 verbum
1378 969 1459 1021 recte
1483 961 1540 1022 dici
1621 1002 1622 1005 η

198 1078 228 1130 et
250 1070 441 1130 imminutum
471 1070 601 1133 usitate!
632 1076 800 1149 sequuntur
835 1088 874 1127 ex
897 1067 1043 1128 Terentio
1066 1075 1100 1126 ut
1122 1064 1201 1126 bono
1225 1074 1347 1127 auctore
1369 1066 1539 1127 Latinitatis

196 1174 356 1256 desumpta
389 1174 532 1253 exempla
562 1173 621 1233 duo
655 1174 793 1248 (Phorm.
817 1172 852 1233 11
876 1175 905 1246 3,
930 1174 971 1233 37
995 1179 1025 1232 et
1046 1173 1112 1249 43).
1152 1171 1284 1251 denique
1316 1171 1478 1233 Terentius
1510 1174 1540 1232 in
1621 1238 1622 1241 Ἴ

196 1280 324 1340 Limone
348 1276 399 1365 (of.
424 1302 455 1362 p.
480 1281 543 1340 244
557 1278 618 1360 sq.)
641 1280 763 1339 summis
794 1276 965 1337 cumulatur
989 1275 1146 1351 laudibus,
1181 1294 1269 1356 quae,
1306 1286 1420 1358 quanta
1451 1279 1540 1339 fuerit

197 1387 229 1445 in
252 1383 398 1445 Cicerone
421 1386 486 1446 eius
510 1384 680 1467 admiratio,
702 1384 794 1465 plane
817 1382 993 1445 ostendunt:

404 1547 435 1592 tn
453 1556 568 1608 qnoque,
587 1542 633 1608 qui
651 1540 725 1591 solus
743 1540 832 1592 lecto
850 1555 1014 1604 sermone,
1032 1540 1150 1605 Terenti,

404 1645 563 1680 conversum
582 1644 791 1695 expressumque
808 1628 910 1680 Latina
926 1644 994 1679 voce
1013 1626 1190 1678 Menandrum

404 1717 433 1766 in
450 1706 570 1767 medium
586 1717 665 1767 nobis
684 1716 812 1767 sedatis
832 1716 980 1767 motibus
998 1714 1086 1779 affers,

405 1803 558 1869 quiddam
576 1818 664 1856 coms
682 1804 821 1871 loquens
839 1810 922 1871 atque
941 1804 1031 1854 omnia
1048 1802 1140 1853 dulcia
1158 1801 1311 1871 miscens.¹)

200 1947 302 2007 omnia
325 1955 434 2025 autem,
460 1966 538 2028 quae
560 1946 600 2007 ad
622 1947 760 2007 Terentii
781 1966 951 2008 sermonem
967 1966 1076 2027 purum
1100 1954 1248 2028 spectant,
1272 1955 1411 2007 veterum
1433 1947 1547 2008 iudicia

198 2052 249 2111 vel
284 2052 457 2112 testimonia
493 2050 724 2131 diligentissime
762 2062 904 2133 congesta
948 2053 1101 2112 examinat
1133 2052 1342 2131 Engelbrecht
1385 2053 1418 2112 in
1460 2052 1546 2113 Stud.

198 2157 323 2216 Terent.
341 2179 372 2237 p.
390 2159 485 2237 3sqq.
509 2164 602 2236 atque
624 2176 663 2216 ex
682 2156 795 2217 fabulis
818 2158 902 2237 ipsis,
927 2166 1073 2237 quantum
1095 2177 1129 2217 rc
1144 2178 1217 2217 vera
1239 2157 1331 2218 fuerit
1353 2158 1386 2218 in
1401 2158 1547 2219 Terentio

198 2262 347 2341 elegantis
368 2263 516 2321 sermonis
539 2261 680 2335 studium,
704 2262 836 2322 ostendit
856 2284 887 2344 p.
914 2266 953 2323 13
978 2284 1046 2344 sqq.

198 2351 201 2354 ¹
304 2366 369 2425 Iam
406 2374 440 2425 ut
474 2374 659 2427 transcamus
691 2366 730 2425 ad
763 2386 809 2441 ea,
849 2388 926 2448 quae
960 2367 1064 2429 Oioero
1097 2366 1134 2426 de
1165 2372 1283 2448 poetica
1314 2368 1452 2428 'Terentii
1484 2378 1550 2429 arte

199 2472 281 2553 feeit,
313 2470 435 2550 iudicia,
464 2473 496 2531 in
519 2472 625 2552 primis
649 2470 808 2532 dicendum
832 2481 877 2532 est
900 2472 938 2533 de
960 2473 1013 2533 illo
1038 2469 1200 2547 ‘motibus’,
1237 2473 1316 2553 quod
1339 2472 1483 2534 Barthius
1505 2476 1550 2534 in·

200 2577 324 2655 geniose
355 2577 487 2637 restituit
518 2597 535 2636 e
559 2576 696 2637 codicum
727 2578 874 2660 scriptura
908 2574 1062 2639 ‘vocibus’.
1095 2599 1131 2638 ac
1161 2576 1252 2658 supra
1284 2588 1551 2642 commemoratum

198 2691 244 2744 est
266 2678 435 2743 Varronem
457 2690 556 2742 motus
579 2682 790 2744 concitatiores
814 2684 834 2742 i.
859 2703 886 2743 e.
910 2684 1001 2767 πάθη
1024 2682 1195 2745 attribuisse
1216 2686 1380 2765 praecipue
1396 2680 1549 2771 Trabeae,

200 2787 308 2862 Atilio,
344 2786 489 2867 Caecilio,
513 2788 629 2848 Titinio
663 2796 764 2848 autem
796 2787 922 2851 tacitum
946 2787 1135 2850 ahiudieasse
1169 2797 1200 2849 et
1221 2791 1368 2850 Terentio
1401 2798 1434 2849 et
1453 2788 1551 2851 Attae

201 2890 263 2976 (ap.
289 2892 397 2952 Charis
420 2890 553 2952 Gramm.
577 2893 645 2955 Lat.
669 2893 782 2966 1241,
807 2894 938 2970 2719).
963 2895 1066 2973 itaque
1088 2892 1193 2955 (licere
1216 2903 1299 2955 recte
1330 2895 1429 2977 potuit
1463 2896 1553 2976 loqui

200 2998 239 3057 de
270 2996 381 3058 sedatis
412 2997 551 3080 motibus,
584 3018 662 3077 quae
693 3006 793 3058 essent
820 2998 851 3059 in
885 2998 1047 3059 comoediis
1076 3000 1278 3060 Terentianis.
1312 2994 1416 3060 contra
1443 3001 1554 3062 eodem

201 3104 269 3163 loco
292 3100 391 3165 Varro
407 3104 553 3164 Terentio
570 3102 643 3162 dicit
658 3102 827 3181 contigisse,
852 3112 886 3161 ut
900 3102 1064 3180 hominum,
1090 3106 1143 3185 qui
1158 3104 1382 3179 inducerentur,
1406 3115 1552 3167 naturam

200 3219 291 3290 atque
314 3209 470 3288 ingenium
500 3228 556 3289 per
588 3215 665 3267 totas
699 3206 819 3268 fabulas
852 3207 930 3267 bene
954 3208 1133 3290 depingeret
1167 3217 1268 3290 atque,
1302 3219 1335 3270 ut
1369 3211 1413 3271 ita
1435 3210 1551 3287 dicam,

198 3313 357 3396 ἐναργῶςε
382 3313 467 3397 ‘viriq'
492 3313 591 3393 inquit
614 3312 717 3373 ‘nullis
740 3314 807 3373 aliis
832 3332 954 3373 servare
978 3315 1120 3374 convenit
1143 3335 1233 3395 quam
1256 3316 1373 3390 Titine,
1389 3316 1555 3398 Terentio,

199 3419 312 3483 Attae)
335 3419 411 3478 haee
433 3419 525 3496 igitur
542 3416 687 3479 Varronis
711 3417 749 3478 de
774 3418 920 3478 Terentio
945 3416 1057 3480 iudicia
1083 3419 1222 3480 Ciceroni
1245 3440 1306 3481 non
1328 3423 1433 3501 ignota
1454 3424 1556 3484 fuisse

198 3523 351 3586 videntur.
375 3542 507 3603 namque
530 3523 597 3602 ipse
619 3522 717 3582 adfert
739 3523 920 3604 exemplum,
948 3544 1007 3605 quo
1024 3524 1255 3607 demonstretur,
1280 3548 1369 3607 quam
1392 3530 1556 3604 commode

201 3640 231 3690 et
253 3650 326 3703 sere
348 3629 512 3688 Terentius
534 3648 731 3708 personarum
763 3649 862 3689 mores
891 3627 1096 3711 descripserit:
1129 3632 1166 3692 ds
1188 3632 1251 3695 inv.
1275 3633 1292 3693 I
1317 3635 1367 3715 19,
1392 3635 1447 3694 27:
1486 3633 1558 3694 ‘illa

200 3743 301 3796 autem
323 3735 466 3810 narratio,
491 3754 568 3813 quae
590 3743 729 3795 versatur
760 3736 791 3795 in
813 3736 964 3817 personis,
998 3736 1166 3797 eiusmodi
1188 3747 1245 3817 est,
1277 3746 1312 3798 ut
1334 3739 1366 3797 in
1398 3757 1436 3797 ea
1458 3740 1558 3799 simul

198 3862 267 3901 cum
299 3839 388 3900 rebus
419 3839 492 3918 ipsis
523 3859 719 3919 personarum
751 3860 904 3903 sermones
946 3850 976 3903 et
1015 3843 1106 3902 animi
1136 3843 1266 3924 perspici
1308 3840 1444 3924 possint!
1486 3854 1557 3903 tum

199 3948 329 4006 citantur
352 3966 390 4005 ex
411 3945 551 4005 Micionis
573 3945 734 4027 soliloquio
757 3966 861 4007 versus
885 3948 1029 4029 quinque,
1055 3948 1164 4029 quibus
1187 3950 1343 4029 utriusque
1366 3949 1465 4009 fratris
1483 3952 1557 4033 ἤθη

201 4072 311 4133 reapse
335 4039 425 4131 quam
449 4051 561 4133 optime
584 4051 805 4131 significanturr

443 4251 447 4260 .
475 4210 551 4260 uenit
569 4205 603 4259 dd
622 4225 665 4260 me
683 4223 766 4275 saepe
785 4206 926 4260 elimitans
944 4209 1029 4275 ‘quid,
1045 4206 1147 4261 Micio?
1253 4254 1256 4257 .

478 4293 655 4367 qnorperdis
674 4292 873 4347 adulescentem
892 4297 989 4348 nobis?
1009 4295 1075 4362 qudr
1094 4299 1183 4348 amat?

475 4398 542 4448 quor
560 4382 654 4450 potat?
673 4399 741 4451 quor
759 4388 789 4434 tn
806 4384 849 4434 his
867 4380 948 4435 rebus
967 4388 1102 4449 sumptum
1122 4382 1262 4451 siggonis?

305 4540 324 4601 ¹)
345 4538 385 4588 ef.
403 4538 532 4590 Ritsohel
551 4539 653 4605 Opusc.
672 4539 713 4590 111
731 4541 782 4591 263
797 4555 854 4607 sqq.
