3300 5059
164 205 222 261 146

161 389 238 476 34)?
261 412 337 452 uuus
361 392 402 450 H.
428 390 563 451 Schmidt
584 391 600 449 I
623 392 685 451 356
713 389 861 470 particula
890 411 929 471 ys
959 390 990 448 in
1028 408 1119 448 versu
1144 391 1297 471 strophico
1309 389 1333 473 ¹)
1361 388 1512 471 βάρβαροί

161 500 247 579 (ys)
266 502 395 579 σαφηνῆ
432 495 620 576 interposita,
654 495 871 573 antistropham
903 493 1048 553 intactam
1077 494 1252 574 relinquens
1289 496 1333 553 ita
1369 495 1508 553 metitur:

160 656 182 666 -
196 642 226 663 w
237 641 269 663 ω
280 634 285 687 1
297 656 321 664 -
337 647 381 676 -,
409 611 442 662 ut
464 622 520 681 per
543 599 749 661 choriambum
771 599 917 681 procedat
939 600 1045 673 oratio,
1068 600 1152 659 cuius
1176 601 1272 661 altera
1294 599 1441 659 dissoluta
1464 605 1510 656 est

161 710 246 769 arsis.
278 707 331 769 sed
361 728 461 787 neque
487 708 595 786 prioris
623 706 697 766 arsis
721 706 942 766 choriambicae
972 704 1136 765 dissolutae
1167 726 1266 786 neque
1297 704 1421 765 alterius
1444 722 1512 761 esse

161 814 332 893 exemplum
355 811 436 891 apud
459 813 591 893 tragicos
614 813 678 891 ipse
701 812 814 871 fatetur
844 811 877 869 Π
902 812 954 888 66,
982 809 1035 869 ubi
1058 812 1190 889 praefert
1216 830 1395 882 mensuram,
1420 828 1511 887 quam

160 940 214 980 nos
239 920 269 978 in
291 917 479 998 antistropha
492 919 697 998 proponimus.
722 916 802 976 haud
820 917 908 997 parvi
931 923 1032 975 autem
1055 916 1199 974 momenti
1215 924 1270 994 est,
1297 910 1379 993 quod
1396 913 1512 993 Sopho-

160 1025 213 1084 clis
252 1024 399 1103 exemplis
436 1043 557 1103 prorsus
593 1022 721 1101 geminis
754 1028 837 1081 recte
873 1021 1040 1100 perspectis
1070 1020 1147 1079 haec
1186 1019 1330 1097 Aeschyli
1368 1038 1514 1078 versuum

161 1129 382 1188 metiendorum
404 1130 481 1187 ratio
505 1128 585 1187 omni
608 1136 750 1205 exempta
773 1134 818 1185 est
841 1124 1032 1187 dubitationi.
1056 1123 1166 1203 legitur
1189 1125 1269 1183 enim

248 1231 286 1293 Ο.
310 1234 347 1293 R.
374 1233 619 1294 1195=12032

205 1348 256 1398 str.
281 1337 402 1402 οὐδένα
422 1338 586 1421 μακαρίζω
629 1368 654 1397 a
666 1365 766 1399 caum
781 1390 800 1397 -

197 1452 256 1502 ant.
278 1443 399 1526 Θήβαις
421 1442 581 1505 ἀνάσσων.
632 1477 679 1504 υ-
695 1472 801 1503 mm-

164 1568 223 1629 quo
247 1548 313 1607 loco
337 1568 441 1609 omues
464 1550 626 1627 genuinam
649 1550 827 1627 scripturam
849 1567 917 1607 cum
936 1547 1112 1606 Hermanno
1136 1546 1167 1604 iu
1191 1546 1324 1605 deterius
1346 1553 1513 1623 mutarunt,

163 1672 229 1711 cum
262 1654 406 1733 optimum
432 1673 556 1728 ,sensum
589 1654 718 1737 βροτῶν
751 1651 871 1715 οὐδένα
906 1652 1069 1735 μακαρίζω
1107 1660 1213 1711 neutro
1253 1652 1351 1730 posito
1383 1651 1514 1732 βροτῶν

164 1757 263 1821 οὐδὲν
284 1758 448 1840 μακαρίζω
477 1767 702 1838 corrumperent
725 1757 1020 1837 difficultatibusque,
1051 1776 1125 1836 quas
1153 1757 1212 1835 ipsi
1240 1756 1415 1828 intulerant,
1446 1755 1515 1812 arti·

163 1864 272 1923 liciosis
305 1861 559 1942 explicationibus
590 1882 762 1923 succurrere
795 1862 959 1924 studerent.
1002 1862 1092 1920 aliam
1127 1862 1276 1921 rationem
1312 1867 1433 1921 secutus
1467 1866 1514 1917 est

165 1968 368 2041 Bellermann‚
409 1968 462 2046 qui
493 1967 619 2027 Pindari
651 1966 868 2047 Sophoclisque
900 1967 1047 2046 exemplis
1084 1967 1167 2026 nisus
1201 1964 1314 2046 dactyli
1346 1962 1514 2042 logaoedici

165 2062 485 2150 proceleusmaticique
508 2073 734 2151 responsionem
758 2070 989 2134 commendavit.
1013 2072 1155 2131 librorum
1178 2072 1269 2149 igitur
1291 2072 1439 2149 scriptura
1453 2089 1513 2127 non

165 2184 277 2234 mutata
298 2174 480 2254 respondere
501 2176 579 2234 iuter
602 2196 634 2235 se
656 2176 736 2238 deva
757 2196 845 2258 μακα
870 2214 928 2235 am
950 2184 980 2234 ot
1000 2178 1110 2258 βαισιν
1133 2174 1155 2236 ἀ
1181 2211 1245 2236 ,ω
1266 2173 1429 2235 contendit.
1453 2174 1513 2231 iam

146 2330 149 2335 .
164 2300 235 2339 num
254 2299 286 2338 re
298 2298 372 2339 vera
380 2278 529 2339 Pindarus
544 2281 634 2339 talem
651 2281 708 2340 sibi
724 2282 903 2341 concesserit
918 2282 1080 2354 licentiam,
1095 2279 1126 2338 h.
1138 2280 1158 2337 l.
1172 2281 1356 2360 perscrutari
1370 2280 1445 2338 nihil
1462 2277 1515 2337 ad·

164 2385 263 2456 tinet,
282 2404 349 2442 cum
374 2404 411 2444 ea
433 2405 481 2444 res
504 2387 592 2445 nimis
615 2386 738 2445 recedat
765 2406 783 2444 a
806 2386 932 2445 materia
954 2395 1069 2444 nostra:
1106 2393 1137 2443 at
1161 2384 1198 2443 ab
1221 2384 1370 2465 Aeschyli
1399 2384 1516 2465 Sopho-

166 2482 281 2569 clisque
305 2510 396 2549 manu
418 2490 479 2549 tale
503 2492 574 2571 quid
598 2492 764 2571 profectum
789 2512 855 2551 esse
878 2493 1045 2572 praefracte
1072 2511 1160 2568 nego.
1200 2511 1268 2549 narn
1299 2486 1391 2569 quosv
1406 2487 1516 2547 adtulit

167 2594 469 2668 Bellermann'locos,
494 2596 516 2653 ii
539 2616 641 2655 omues
657 2616 723 2655 eam
740 2595 901 2655 admittunt
916 2596 1157 2675 explicationem,
1175 2603 1210 2654 ut
1223 2594 1361 2675 syllabae
1374 2593 1516 2653 trisemae

167 2700 285 2759 ratione
308 2700 481 2759 antithetica
503 2701 657 2780 oppositus
680 2701 718 2760 sit
739 2699 906 2760 trochaeus.
931 2722 968 2759 en
992 2699 1085 2760 habes
1107 2700 1234 2781 primum
1259 2720 1298 2759 ex
1321 2700 1379 2758 eis:

258 2804 331 2865 Ant.
357 2806 560 2867 787=797:

208 2918 259 2971 str.
284 2910 341 2972 καί
362 2912 390 2970 d'
407 2911 474 2971 οὔτ’
491 2908 668 2972 ἀθανάτων
691 2907 830 2991 φύξιμος
852 2909 960 2984 οὐδεὶς

197 3024 258 3073 ant.
281 3016 424 3097 νύμφας,
446 3022 512 3076 τῶν
533 3016 683 3096 μεγάλων
704 3014 868 3097 πάρεδρος
890 3013 926 3078 ἐν
949 3014 1070 3097 ἀρχαῖς.
1102 3044 1290 3073 amomo
1310 3052 1354 3072 a„
1372 3041 1431 3073 m-
1502 3027 1505 3034 ⁴

168 3119 296 3194 labanti,
320 3130 354 3178 ut
377 3126 480 3179 omnes
501 3118 658 3199 putabant,
687 3128 780 3179 metro
804 3119 858 3178 alii
887 3120 975 3196 aliter
1000 3128 1221 3178 succurrerunt.
1239 3118 1380 3177 Mainake
1400 3139 1429 3179 ν.
1445 3138 1472 3179 τ.
1483 3140 1514 3197 μ.

167 3222 401 3307 ἀρχιαάρεδρος
445 3226 610 3303 proposuit,
660 3225 823 3304 Emporias
865 3224 969 3286 τῶνδε
1009 3223 1182 3305 πάρεδρος,
1233 3222 1389 3283 Gleditsch
1422 3215 1542 3304 ματρί

166 3330 341 3412 πάρεδρος,
363 3338 489 3408 uterque
505 3328 657 3409 verbis-dv
672 3328 785 3412 ἀρχαῖς
806 3338 960 3409 tamquam
985 3329 1164 3388 emblemate
1185 3330 1299 3388 eiectis.
1323 3327 1518 3387 Bellermanu

169 3440 202 3489 ut
217 3432 312 3492 verba
336 3432 447 3491 tradita
469 3452 536 3491 meo
560 3433 682 3512 quidem
705 3434 817 3493 iudicio
834 3442 915 3493 recte
930 3436 1153 3508 interpretatur,
1179 3435 1222 3491 ita
1237 3434 1313 3514 falso
1329 3432 1386 3491 hoc
1400 3431 1521 3491 schema

170 3539 326 3596 metricum
351 3537 507 3598 adscribit:
531 3567 862 3620 --,υυι.ψωι.-,
891 3560 1072 3620 quamquam
1095 3540 1156 3599 iam
1178 3560 1197 3597 a
1219 3538 1376 3597 Dindorfio
1403 3544 1522 3617 poterat

171 3641 296 3716 discere,
325 3644 454 3703 solutam
482 3644 571 3703 arsim
600 3642 835 3705 choriambicum
858 3644 896 3703 ab
920 3645 1074 3723 elegantia
1096 3645 1209 3705 veteris
1231 3644 1408 3722 tragoediae
1429 3642 1522 3723 plane

170 3747 300 3806 alienam
333 3768 397 3808 esse
428 3769 528 3829 neque
561 3749 623 3831 ullo
659 3749 769 3810 idoneo
816 3750 984 3809 confirmari
1023 3770 1113 3829 posse
1154 3750 1302 3829 exemplo.
1348 3739 1409 3808 alia
1450 3766 1522 3805 vero

170 3852 301 3911 virorum
315 3852 468 3911 doctorum
485 3862 653 3913 commenta
668 3854 807 3913 refellere
823 3854 1016 3934 supersedeo.
1041 3875 1143 3913 omnes
1160 3854 1248 3927 enim,
1266 3854 1319 3934 qui
1341 3854 1369 3911 in
1388 3850 1523 3912 codicum

169 3958 315 4037 scriptura
337 3957 495 4030 haesitant,
520 3959 551 4016 iu
573 3958 670 4037 scirpo
695 3957 807 4017 nodum
831 3979 977 4039 quaerere
993 3960 1066 4017 mihi
1080 3979 1256 4040 persuasum
1273 3966 1326 4032 est,
1351 3978 1418 4017 cum
1436 3976 1524 4016 nemo

263 4150 284 4213 1)
303 4150 374 4199 Dum
392 4148 515 4215 pagellas
534 4149 587 4199 iam
605 4148 762 4214 typothetae
781 4150 937 4200 commissas
958 4152 1070 4215 corrigo,
1083 4151 1155 4215 apud
1174 4150 1411 4202 Wilamowitaium
1422 4147 1525 4213 (Philol.

171 4235 279 4285 Unters.
297 4236 337 4285 IX
357 4232 450 4303 (1886)
474 4252 500 4301 p.
520 4236 580 4299 151)
603 4235 636 4284 de
660 4228 706 4285 str.
728 4252 807 4287 versu
829 4236 897 4287 haec
915 4236 989 4303 legor
1008 4238 1053 4300 ,ln
1071 4238 1130 4287 dem
1150 4238 1266 4289 Jonihua
1285 4239 1321 4288 iat
1333 4236 1377 4287 die
1396 4237 1524 4299 2.Liinge

175 4322 258 4371 durch
277 4324 337 4372 eine
356 4324 446 4373 Ktiras
465 4327 608 4373 vertreteu.
637 4323 694 4372 Das'
717 4324 752 4372 ist
771 4324 888 4375 seltener
907 4324 973 4375 aber
991 4341 1060 4391 gana
1079 4325 1213 4392 gesi'chert
1231 4323 1280 4394 (?):
1308 4322 1525 4387 Musterbeispiel

172 4406 220 4458 der
230 4410 350 4459 Dimeter
362 4448 387 4469 ,-
395 4429 458 4455 uuo
466 4446 491 4455 ..
501 4449 527 4456 ..
538 4407 665 4477 βάρβαρα
677 4415 789 4477 σαφηνῆ
799 4413 827 4461 in
838 4415 924 4462 einem
938 4412 1074 4463 schweren
1086 4411 1141 4464 und
1153 4412 1349 4474 verdorbenen,
1362 4412 1428 4462 aher
1440 4408 1526 4459 sicher

169 4492 317 4556 jo'uisohen
327 4496 414 4548 Liad'
427 4512 540 4564 qnorum
550 4498 696 4549 verborum
713 4498 892 4565 probabilitas
910 4504 1003 4550 nostra
1021 4505 1131 4565 recepta
1144 4503 1250 4552 ratione
1261 4499 1341 4551 valde
1353 4498 1527 4561 imminuitur,

1637 4483 1643 4618 l

1628 4889 1646 5029 1
