3300 5059
146 218 207 279 138

236 408 296 471 Sed
319 408 450 467 maximo
466 418 498 468 ut
515 416 601 469 vetus
627 407 762 469 doctrina
777 403 1020 484 labefactaretur,
1037 408 1231 471 Frcdsrici
1247 410 1494 474 Bellermanni

146 514 278 575 inventis
294 512 479 593 palmaribus
496 513 634 573 effectum
649 522 704 587 ost,
721 514 773 593 qni
789 516 903 594 primus
919 514 950 575 in
963 513 1146 575 Graecorum
1166 516 1310 577 musicam
1330 518 1494 596 inquirens,

146 619 231 678 cuius
254 638 270 676 e
293 625 378 677 tanto
402 618 561 696 naufragio
585 618 766 697 paucissima
789 618 827 678 ad
850 640 904 680 nos
927 629 1132 699 pervenerunt
1148 615 1324 698 fragmenta,
1341 623 1495 683 trisemam

146 722 284 803 syllabae
307 722 417 801 longae
439 742 609 782 mensuram
632 724 786 783 veteribus
809 724 931 783 musicis
963 724 1058 803 probe
1085 733 1187 784 uotam
1218 726 1311 786 fuisse
1341 728 1495 806 praeclare

147 826 373 891 demonstravit.
412 847 528 887 summa
566 830 646 889 enim
681 829 843 889 instructus
880 830 985 889 harum
1017 850 1118 890 rerum
1150 830 1275 890 scientia
1308 829 1495 912 subactoqus

148 931 254 993 ductus
276 930 388 993 iudicio
421 933 572 992 schemata
603 934 783 995 musicorum
811 934 909 1005 ¹tribus
940 934 1061 1013 hymnis
1090 930 1144 1018 (ad
1166 936 1292 1011 Musam,
1322 935 1361 995 ad
1383 936 1501 1012 Solem,

145 1036 183 1097 ad
217 1034 396 1119 Nemesim),
420 1040 472 1118 qui
495 1039 638 1118 Dionysii
661 1038 815 1099 cuiusdam
839 1049 869 1099 et
891 1039 1070 1099 Mesomedis
1093 1042 1216 1101 nomina
1236 1061 1310 1121 prae
1329 1061 1363 1102 se
1383 1044 1494 1119 ferunt,

145 1144 350 1223 suprascripta
373 1162 390 1202 e
413 1144 489 1203 notis
524 1144 700 1224 explanavit
709 1143 742 1224 1),
776 1165 854 1224 quae
886 1145 1026 1224 exempla
1057 1147 1082 1205 si
1113 1147 1248 1220 intueris,
1272 1145 1422 1229 syllabam
1443 1150 1496 1209 tri·

146 1267 258 1306 samam
274 1248 431 1309 manifeste
449 1257 519 1309 ante
528 1250 629 1309 oculos
642 1248 735 1309 habes
745 1250 885 1329 positam.
898 1248 1100 1330 deprehendis
1110 1252 1189 1311 enim
1205 1252 1327 1313 sexiens
1341 1253 1373 1311 in
1383 1252 1497 1333 hymno

146 1352 241 1413 altero
273 1354 422 1432 tertioque
452 1354 538 1433 signa
571 1353 720 1433 quaedam
743 1374 835 1433 supra
857 1354 1059 1433 paenultimam
1081 1357 1339 1436 paroemiaoorum
1361 1356 1497 1438 syllabas

149 1458 272 1536 scripta,
298 1477 375 1537 quae
398 1479 457 1517 non
481 1457 520 1517 ad
542 1460 687 1520 musicem
710 1459 947 1521 modulationem
962 1460 1200 1540 significandam,
1223 1460 1276 1521 sed
1300 1460 1339 1521 ad
1361 1462 1497 1544 syllabas

147 1562 254 1640 longas
286 1562 491 1624 extendendas
525 1573 662 1645 spectare
695 1564 854 1645 probabile
886 1574 942 1630 est.
976 1585 1105 1644 cumque
1137 1566 1224 1644 signa
1252 1566 1306 1625 illa
1339 1563 1376 1651 (Ἰ
1410 1578 1440 1629 et
1463 1565 1497 1652 λ)

149 1666 269 1727 obviam
302 1687 361 1727 nou
393 1668 465 1727 fiant
496 1670 555 1731 uisi
586 1671 617 1729 in
649 1670 837 1749 paenultima
869 1669 997 1751 syllaba,
1031 1670 1077 1732 his
1099 1672 1253 1732 triscmam
1276 1671 1495 1751 longitudinem

150 1772 314 1851 significari
330 1792 446 1834 summa
462 1774 673 1849 probabilitate
689 1776 816 1835 coniecit
832 1776 1035 1836 Bellermann.
1052 1796 1151 1855 nequo
1166 1776 1259 1836 multo
1284 1786 1352 1857 post
1374 1778 1496 1837 fortuna

146 1878 224 1939 favit
256 1876 480 1957 Bellermanno,
511 1879 591 1959 quod
615 1880 727 1959 primus
760 1899 797 1939 ex
831 1881 977 1959 anonymi
1011 1878 1167 1939 cuiusdam
1189 1913 1233 1925 —
1260 1882 1312 1959 qui
1344 1901 1426 1941 nuuc
1462 1902 1500 1942 ex

149 1984 308 2042 inventore
331 1982 612 2045 Bellermannianus
636 1994 828 2063 nuncupatur
856 2019 899 2029 -
921 1984 1084 2063 scriptione
1106 1986 1247 2045 certiores
1275 2005 1330 2046 nos
1360 1988 1434 2047 iecit
1457 1987 1497 2048 de

147 2088 371 2168 polysemorum
395 2089 488 2167 signis
513 2110 530 2147 a
555 2087 710 2151 veteribus
735 2088 886 2163 adhibitis,
913 2109 974 2168 qua
997 2109 1030 2148 re
1054 2090 1161 2149 mirum
1187 2097 1333 2170 quantum
1354 2089 1496 2171 ponderis

149 2192 221 2251 huic
245 2191 425 2272 disciplinae
448 2193 583 2254 additum
607 2189 694 2278 ast2).

152 2330 360 2343 ——ua—-b

151 2386 222 2437 daun
243 2391 316 2451 statt,
345 2400 424 2437 wenn
453 2387 491 2435 sie
519 2400 572 2434 von
591 2385 665 2435 einer
691 2385 814 2450 einaigen
840 2383 905 2450 lang
933 2383 1196 2449 gehalteuenSylbe
1215 2422 1221 2436 .
1241 2387 1497 2453 .ausgef1illtwird

148 2493 171 2528 a.
189 2475 220 2526 Β.
232 2490 310 2525 wenn
328 2475 365 2525 im
383 2470 416 2542 *Α
435 2474 505 2525 Takt
524 2471 570 2523 der
589 2488 689 2523 neuern
702 2472 793 2522 Musilr
811 2477 877 2523 statt
892 2472 938 2522 der
950 2471 1154 2539 gewbhnlichen
1166 2472 1343 2524 Taktformen
1362 2476 1405 2525 die
1417 2477 1498 2526 Form

149 2562 197 2613 der
210 2578 315 2629 gannen
328 2562 573 2614 Taktnoteeintritt
600 2558 655 2627 lo
670 2558 697 2625 Ι,
718 2561 761 2610 ein
779 2559 918 2626 Vorgang‚
938 2560 985 2609 der
999 2562 1093 2625 gewiss
1112 2560 1182 2610 auch
1206 2561 1233 2609 in
1252 2560 1300 2611 der
1318 2561 1390 2613 alten
1408 2561 1501 2614 Musik

148 2650 356 2716 vorgekommsn
383 2650 439 2700 und
466 2654 544 2699 unter
572 2648 630 2699 dem
658 2648 762 2698 Namen
792 2648 841 2697 der
866 2664 920 2697 von
944 2648 995 2698 den
1022 2647 1216 2714 Rhythnrilrern
1245 2648 1363 2715 (Euolid.
1394 2650 1496 2707 Introd.

148 2738 240 2789 Harm.
258 2753 283 2803 p.
303 2734 348 2805 22)
366 2753 396 2788 so
415 2744 567 2802 genannten
586 2734 661 2803 τονή,
681 2736 706 2787 d.
725 2738 743 2785 i.
761 2735 905 2801 Dehnung,
919 2736 993 2801 Hali,
1012 2735 1190 2801 mitbegriffen
1210 2738 1268 2787 sein
1289 2736 1369 2787 wird'
1388 2737 1426 2804 (p.
1444 2737 1499 2804 43).

237 2840 259 2909 ¹)
278 2843 379 2908 Hymni
398 2843 438 2893 illi
456 2845 578 2893 unicae
596 2844 694 2894 veteris
714 2844 833 2894 musicae
847 2843 982 2909 genuinae
994 2841 1134 2907 reliquiae,
1153 2858 1186 2891 ex
1205 2842 1302 2907 quibus
1325 2842 1361 2893 ad
1375 2847 1496 2892 veterum

152 2935 235 2981 artem
255 2930 469 2995 cognoscendam
489 2932 554 2981 certi
572 2931 615 2981 vel
636 2932 730 2982 saltem
750 2931 807 2982 veri
827 2930 922 2981 similis
940 2928 1065 2979 nonnihil
1084 2927 1228 2995 colligitur,
1246 2929 1311 2979 editi
1329 2936 1391 2980 sunt
1408 2944 1425 2980 a
1440 2930 1502 2982 Bel·

149 3018 288 3069 lermanno
302 3018 421 3068 Berolini
442 3018 525 3069 1840.Ι
538 3017 603 3069 talia
622 3023 712 3068 autem
723 3020 802 3085 signa
820 3016 916 3069 horum
929 3031 1056 3067 versuum
1075 3014 1257 3080 paenultimae
1270 3015 1392 3081 syllabae
1405 3032 1499 3081 supra·

150 3106 247 3170 scripta
266 3110 329 3155 sunt
356 3106 383 3155 in
413 3106 534 3170 antiquis
554 3105 716 3155 editionibus
736 3111 762 3155 et
779 3106 807 3153 in
828 3104 919 3153 codice
937 3103 1118 3167 Neapolitano
1137 3119 1158 3152 s.
1176 3102 1239 3152 XV:
1266 3100 1498 3170 118ῥοοόεσσαν

151 3187 182 3251 ὃς
200 3189 302 3256 ἄντυγα
320 3189 442 3256 νεώ-λων,
462 3195 476 3240 9
496 3194 609 3250 πτανοῖς
635 3188 793 3257 ὑπ’ἴχνεσσι
812 3188 955 3254 daci-aesc,
983 3192 1015 3239 21
1037 3186 1139 3253 γλαυκὰ
1162 3185 1192 3239 δὲ
1209 3188 1330 3258 adposita
1353 3188 1499 3257 Σε-λά-να,

150 3280 190 3330 llI
210 3284 224 3330 3
253 3276 383 3343 ἃκοῢφα
410 3277 575 3344 φρυάγματα
601 3279 737 3343 θνα-τῶν,
759 3281 789 3327 10
807 3276 995 3343 γαυρούμενον
1012 3275 1112 3345 αὐχένα
1135 3276 1253 3344 all-vace,
1283 3281 1315 3328 13
1334 3274 1415 3343 ζυγὸν
1432 3276 1501 3343 μετὰ

151 3367 226 3432 χεῖρα
244 3370 419 3431 apa-sodon.
440 3369 517 3433 signa
534 3382 597 3417 vero
617 3378 634 3433 Ὶ
655 3374 681 3417 et
698 3368 713 3417 λ
731 3383 746 3416 a
764 3366 990 3433 palaeographicae
1008 3368 1112 3418 ratione
1130 3370 1171 3416 ita
1189 3367 1305 3431 explicat
1318 3367 1499 3429 Bellermann,

153 3457 184 3501 ut
200 3456 344 3518 utrumque
364 3470 378 3503 e
397 3459 521 3520 corrupto
549 3454 597 3503 illo
625 3456 749 3505 trisemae
768 3452 822 3520 (b)
842 3456 919 3520 signo
947 3454 1057 3507 aliunde
1086 3459 1149 3505 noto
1174 3460 1259 3505 ortum
1278 3470 1338 3504 esse
1357 3454 1436 3506 dicat.
1469 3469 1502 3504 ac

154 3541 269 3605 priorem
288 3539 401 3591 formam
427 3542 546 3591 extitisse
565 3557 607 3603 eo,
638 3542 708 3607 quod
727 3542 863 3604 librarius,
888 3544 933 3608 qui
960 3544 1096 3593 inversum
1122 3542 1199 3607 quasi
1226 3556 1334 3607 gamma
1352 3556 1499 3607 agnoscere

151 3627 203 3677 sibi
229 3627 303 3677 visus
331 3635 410 3690 esset,
439 3628 492 3678 alio
521 3630 598 3680 modo
627 3644 732 3696 gamma
754 3632 890 3679 inversum
913 3641 931 3695 '1
957 3631 1071 3693 scripsit,
1098 3629 1210 3679 alteram
1224 3644 1265 3695 eo,
1285 3627 1357 3694 quod
1375 3628 1501 3679 librarius

150 3729 198 3782 pro
226 3712 352 3765 latinoL
381 3730 507 3779 graecum
535 3716 549 3765 l
579 3715 722 3767 substituit.
755 3716 865 3780 propius
896 3719 987 3766 tamen
1015 3716 1049 3765 ad
1067 3716 1210 3765 veritatem
1229 3714 1392 3776 accedimus,
1426 3715 1450 3764 si
1470 3714 1498 3774 iu

151 3804 227 3867 signo
245 3801 293 3853 illo
324 3804 338 3853 λ
368 3818 469 3867 pausae
488 3798 594 3867 signum
611 3802 635 3852 Λ
655 3803 727 3869 apud
755 3817 920 3867 anonymum
946 3802 1074 3853 traditum
1102 3803 1282 3868 agnoscimus.
1318 3803 1499 3867 nequeenim

151 3891 299 3943 verendum
321 3898 388 3954 erat,
416 3905 449 3939 ns
470 3890 542 3940 bunc
560 3892 589 3940 in
617 3891 726 3941 modum
757 3896 820 3940 tone
840 3906 901 3939 cum
919 3904 1004 3955 pausa
1021 3890 1081 3956 ipsa
1099 3894 1302 3956 permutaretur,
1322 3890 1422 3955 quippe
1441 3904 1502 3939 cum

153 3981 182 4029 in
208 3980 441 4045 paroemiacorum
470 3977 575 4028 illorum
606 3978 799 4043 paenultimam
818 3993 873 4028 non
899 3977 977 4027 verbi
994 3976 1054 4027 finis
1073 3977 1190 4039 caderet,
1218 3976 1246 4026 id
1265 3974 1347 4041 quod,
1374 3981 1405 4025 ut
1432 3986 1504 4026 nunc

153 4066 241 4127 video,
269 4071 341 4117 recte
360 4068 444 4137 sensit
462 4066 505 4116 Fr.
525 4066 593 4129 Aug.
612 4066 728 4115 (levaert
753 4067 781 4114 in
803 4065 874 4125 libro
903 4065 1029 4127 ,Histoire
1054 4070 1080 4115 et
1098 4062 1213 4114 Theorie
1232 4063 1265 4112 de
1284 4062 1311 4112 la
1329 4062 1453 4127 musique
1471 4060 1505 4111 de

152 4151 331 4219 l'antiquitd’;
352 4152 385 4203 cf.
403 4153 431 4203 II
449 4150 540 4221 (Gand
561 4153 638 4219 1881)
657 4168 682 4217 p.
704 4155 744 4215 13,
768 4150 897 4218 idemque
924 4156 1076 4202 statuerunt
1094 4150 1236 4216 Westpbal
1255 4150 1340 4213 ,Mna
1360 4148 1387 4198 d.
1404 4148 1504 4213 griech.

152 4240 259 4292 Altert.'
276 4258 301 4305 p.
321 4242 371 4291 297
392 4245 417 4289 et
434 4240 479 4290 Fr.
499 4239 632 4303 Hanssen,
657 4241 703 4305 qui
722 4239 754 4288 de
773 4238 824 4288 hac
843 4254 871 4288 re
892 4239 1040 4302 disputavit
1064 4240 1091 4287 in
1110 4240 1177 4287 actis
1199 4236 1291 4303 philol.
1312 4240 1463 4287 conventus
1477 4250 1504 4288 a.

155 4329 222 4377 1884
240 4328 391 4378 Dessavias
409 4327 517 4376 habitae
537 4343 562 4391 p.
582 4328 642 4376 214.

239 4414 260 4480 ¹)
287 4416 327 4465 cf.
352 4413 503 4479 Ἀνωνύμον
533 4411 692 4480 σύγγραμμα
725 4408 785 4491 περὶ
815 4416 1033 4490 μουσικῆςιοιο.Ι
1054 4411 1174 4461 Berolini
1208 4412 1283 4474 1841,
1316 4428 1342 4476 p.
1370 4412 1403 4460 18
1423 4408 1505 4460 Bell:

156 4519 182 4567 p.
202 4504 235 4553 49
255 4502 297 4551 W.
