<?xml version="1.0" encoding="UTF-8"?>
<!DOCTYPE html PUBLIC "-//W3C//DTD XHTML 1.0 Transitional//EN"
    "http://www.w3.org/TR/xhtml1/DTD/xhtml1-transitional.dtd">
<html xmlns="http://www.w3.org/1999/xhtml" xml:lang="en" lang="en">
 <head>
  <title>
</title>
<meta http-equiv="Content-Type" content="text/html;charset=utf-8" />
  <meta name='ocr-system' content='tesseract 3.04.00' />
  <meta name='ocr-capabilities' content='ocr_page ocr_carea ocr_par ocr_line ocrx_word'/>
</head>
<body>
  <div class='ocr_page' id='page_1' title='image "./dissertationesp07wiengoog_0261.png"; bbox 0 0 3300 5059; ppageno 0'>
   <div class='ocr_carea' id='block_1_1' title="bbox 173 172 235 231">
    <p class='ocr_par' dir='ltr' id='par_1_1' title="bbox 173 172 235 231">
     <span class='ocr_line' id='line_1_1' title="bbox 173 172 235 231; baseline -0.032 0"><span class='ocrx_word' id='word_1_1' title='bbox 173 172 235 231; x_wconf 78' lang='lat'><strong>248</strong></span> 
     </span>
    </p>
   </div>
   <div class='ocr_carea' id='block_1_2' title="bbox 173 354 1524 437">
    <p class='ocr_par' dir='ltr' id='par_1_2' title="bbox 173 354 1524 437">
     <span class='ocr_line' id='line_1_2' title="bbox 173 354 1524 437; baseline -0.005 -15"><span class='ocrx_word' id='word_1_2' title='bbox 173 365 255 422; x_wconf 85' lang='lat' dir='ltr'><strong>fonte</strong></span> <span class='ocrx_word' id='word_1_3' title='bbox 291 360 427 419; x_wconf 79' lang='lat' dir='ltr'>hausisse</span> <span class='ocrx_word' id='word_1_4' title='bbox 464 378 532 417; x_wconf 92' lang='lat' dir='ltr'><strong>cum</strong></span> <span class='ocrx_word' id='word_1_5' title='bbox 563 377 618 437; x_wconf 92' lang='lat' dir='ltr'><strong>per</strong></span> <span class='ocrx_word' id='word_1_6' title='bbox 649 376 681 417; x_wconf 91' lang='lat' dir='ltr'><strong>sc</strong></span> <span class='ocrx_word' id='word_1_7' title='bbox 712 358 777 416; x_wconf 89' lang='lat' dir='ltr'><strong>veri</strong></span> <span class='ocrx_word' id='word_1_8' title='bbox 808 356 908 416; x_wconf 89' lang='lat' dir='ltr'><strong>simile</strong></span> <span class='ocrx_word' id='word_1_9' title='bbox 942 364 996 431; x_wconf 90' lang='lat' dir='ltr'><strong>est,</strong></span> <span class='ocrx_word' id='word_1_10' title='bbox 1041 367 1105 415; x_wconf 90' lang='lat' dir='ltr'><strong>tum</strong></span> <span class='ocrx_word' id='word_1_11' title='bbox 1136 354 1186 415; x_wconf 92' lang='lat' dir='ltr'><strong>hic</strong></span> <span class='ocrx_word' id='word_1_12' title='bbox 1218 354 1283 415; x_wconf 89' lang='lat' dir='ltr'><strong>illic</strong></span> <span class='ocrx_word' id='word_1_13' title='bbox 1314 364 1395 416; x_wconf 89' lang='lat' dir='ltr'><strong>certo</strong></span> <span class='ocrx_word' id='word_1_14' title='bbox 1427 366 1524 436; x_wconf 89' lang='lat' dir='ltr'><strong>potest</strong></span> 
     </span>
    </p>
   </div>
   <div class='ocr_carea' id='block_1_3' title="bbox 173 464 1616 750">
    <p class='ocr_par' dir='ltr' id='par_1_3' title="bbox 173 464 1616 750">
     <span class='ocr_line' id='line_1_3' title="bbox 174 464 322 527; baseline -0.034 0"><span class='ocrx_word' id='word_1_15' title='bbox 174 464 322 527; x_wconf 91' lang='lat' dir='ltr'><strong>concludi.</strong></span> 
     </span>
     <span class='ocr_line' id='line_1_4' title="bbox 277 556 1616 648; baseline -0.004 -19"><span class='ocrx_word' id='word_1_16' title='bbox 277 569 427 648; x_wconf 82' lang='lat' dir='ltr'><strong>Sequitur,</strong></span> <span class='ocrx_word' id='word_1_17' title='bbox 439 574 471 625; x_wconf 92' lang='lat' dir='ltr'><strong>ut</strong></span> <span class='ocrx_word' id='word_1_18' title='bbox 486 565 584 625; x_wconf 90' lang='lat' dir='ltr'><strong>dicam</strong></span> <span class='ocrx_word' id='word_1_19' title='bbox 601 565 639 625; x_wconf 92' lang='lat' dir='ltr'><strong>de</strong></span> <span class='ocrx_word' id='word_1_20' title='bbox 654 566 693 628; x_wconf 83' lang='lat' dir='ltr'><strong>T.</strong></span> <span class='ocrx_word' id='word_1_21' title='bbox 709 565 911 644; x_wconf 89' lang='lat' dir='ltr'><strong>Pomponio</strong></span> <span class='ocrx_word' id='word_1_22' title='bbox 926 563 1063 625; x_wconf 88' lang='lat' dir='ltr'><strong>Attico.</strong></span> <span class='ocrx_word' id='word_1_23' title='bbox 1081 586 1149 625; x_wconf 86' lang='lat' dir='ltr'><strong>nam</strong></span> <span class='ocrx_word' id='word_1_24' title='bbox 1166 565 1192 624; x_wconf 91' lang='lat' dir='ltr'><strong>is</strong></span> <span class='ocrx_word' id='word_1_25' title='bbox 1207 584 1328 645; x_wconf 89' lang='lat' dir='ltr'><strong>quoque</strong></span> <span class='ocrx_word' id='word_1_26' title='bbox 1343 565 1523 646; x_wconf 89' lang='lat' dir='ltr'><strong>permultum</strong></span> <span class='ocrx_word' id='word_1_27' title='bbox 1615 556 1616 633; x_wconf 60' lang='lat' dir='ltr'><strong>l</strong></span> 
     </span>
     <span class='ocr_line' id='line_1_5' title="bbox 173 668 1523 750; baseline -0.005 -14"><span class='ocrx_word' id='word_1_28' title='bbox 173 675 300 736; x_wconf 88' lang='lat' dir='ltr'><strong>contulit</strong></span> <span class='ocrx_word' id='word_1_29' title='bbox 322 672 361 732; x_wconf 91' lang='lat' dir='ltr'><strong>ad</strong></span> <span class='ocrx_word' id='word_1_30' title='bbox 385 671 539 731; x_wconf 81' lang='lat' dir='ltr'><strong>Ciceronis</strong></span> <span class='ocrx_word' id='word_1_31' title='bbox 562 670 663 730; x_wconf 89' lang='lat' dir='ltr'><strong>studia</strong></span> <span class='ocrx_word' id='word_1_32' title='bbox 685 668 857 743; x_wconf 87' lang='lat' dir='ltr'><strong>excitanda,</strong></span> <span class='ocrx_word' id='word_1_33' title='bbox 885 668 915 728; x_wconf 92' lang='lat' dir='ltr'><strong>id</strong></span> <span class='ocrx_word' id='word_1_34' title='bbox 939 670 1020 748; x_wconf 90' lang='lat' dir='ltr'><strong>quod</strong></span> <span class='ocrx_word' id='word_1_35' title='bbox 1043 668 1149 729; x_wconf 90' lang='lat' dir='ltr'><strong>Cicero</strong></span> <span class='ocrx_word' id='word_1_36' title='bbox 1172 670 1239 750; x_wconf 92' lang='lat' dir='ltr'><strong>ipse</strong></span> <span class='ocrx_word' id='word_1_37' title='bbox 1261 670 1418 749; x_wconf 87' lang='lat' dir='ltr'><strong>profitetur</strong></span> <span class='ocrx_word' id='word_1_38' title='bbox 1440 672 1523 729; x_wconf 88' lang='lat' dir='ltr'>Brut.</span> 
     </span>
    </p>
   </div>
   <div class='ocr_carea' id='block_1_4' title="bbox 174 773 1617 856">
    <p class='ocr_par' dir='ltr' id='par_1_4' title="bbox 174 773 1617 856">
     <span class='ocr_line' id='line_1_6' title="bbox 174 773 1617 856; baseline -0.006 -16"><span class='ocrx_word' id='word_1_39' title='bbox 174 783 203 856; x_wconf 85' lang='lat'><strong>3,</strong></span> <span class='ocrx_word' id='word_1_40' title='bbox 228 782 283 854; x_wconf 76' lang='lat'><strong>133</strong></span> <span class='ocrx_word' id='word_1_41' title='bbox 307 781 338 852; x_wconf 93' lang='lat'><strong>4,</strong></span> <span class='ocrx_word' id='word_1_42' title='bbox 365 779 414 836; x_wconf 84' lang='lat'><strong>15.</strong></span> <span class='ocrx_word' id='word_1_43' title='bbox 438 775 587 853; x_wconf 85' lang='lat' dir='ltr'><strong>significat</strong></span> <span class='ocrx_word' id='word_1_44' title='bbox 602 782 703 835; x_wconf 91' lang='lat' dir='ltr'><strong>autem</strong></span> <span class='ocrx_word' id='word_1_45' title='bbox 720 773 767 833; x_wconf 91' lang='lat' dir='ltr'><strong>his</strong></span> <span class='ocrx_word' id='word_1_46' title='bbox 784 775 859 834; x_wconf 92' lang='lat' dir='ltr'><strong>locis</strong></span> <span class='ocrx_word' id='word_1_47' title='bbox 873 775 965 833; x_wconf 81' lang='lat' dir='ltr'><strong>Attici</strong></span> <span class='ocrx_word' id='word_1_48' title='bbox 988 774 1095 834; x_wconf 90' lang='lat' dir='ltr'><strong>librum</strong></span> <span class='ocrx_word' id='word_1_49' title='bbox 1112 774 1265 847; x_wconf 82' lang='lat' dir='ltr'>annalem,</span> <span class='ocrx_word' id='word_1_50' title='bbox 1283 776 1382 855; x_wconf 89' lang='lat' dir='ltr'><strong>queis</strong></span> <span class='ocrx_word' id='word_1_51' title='bbox 1399 781 1524 835; x_wconf 86' lang='lat' dir='ltr'><strong>‘omnem</strong></span> <span class='ocrx_word' id='word_1_52' title='bbox 1616 802 1617 815; x_wconf 47' lang='lat'>¹</span> 
     </span>
    </p>
   </div>
   <div class='ocr_carea' id='block_1_5' title="bbox 170 877 1619 1800">
    <p class='ocr_par' dir='ltr' id='par_1_5' title="bbox 170 877 1619 1800">
     <span class='ocr_line' id='line_1_7' title="bbox 171 877 1524 963; baseline -0.001 -20"><span class='ocrx_word' id='word_1_53' title='bbox 171 905 272 945; x_wconf 89' lang='lat' dir='ltr'><strong>rerum</strong></span> <span class='ocrx_word' id='word_1_54' title='bbox 302 881 477 941; x_wconf 79' lang='lat' dir='ltr'><strong>memoriam</strong></span> <span class='ocrx_word' id='word_1_55' title='bbox 511 881 643 941; x_wconf 87' lang='lat' dir='ltr'><strong>breviter</strong></span> <span class='ocrx_word' id='word_1_56' title='bbox 673 888 704 939; x_wconf 86' lang='lat' dir='ltr'><strong>st</strong></span> <span class='ocrx_word' id='word_1_57' title='bbox 736 922 744 937; x_wconf 93' lang='lat'><strong>.</strong></span> <span class='ocrx_word' id='word_1_58' title='bbox 769 923 777 937; x_wconf 94' lang='lat'><strong>.</strong></span> <span class='ocrx_word' id='word_1_59' title='bbox 802 923 809 940; x_wconf 92' lang='lat'><strong>.</strong></span> <span class='ocrx_word' id='word_1_60' title='bbox 835 925 843 939; x_wconf 95' lang='lat'><strong>.</strong></span> <span class='ocrx_word' id='word_1_61' title='bbox 875 877 1092 959; x_wconf 82' lang='lat' dir='ltr'><strong>perdiligenter</strong></span> <span class='ocrx_word' id='word_1_62' title='bbox 1124 879 1300 958; x_wconf 87' lang='lat' dir='ltr'><strong>complexus</strong></span> <span class='ocrx_word' id='word_1_63' title='bbox 1337 880 1391 940; x_wconf 84' lang='lat' dir='ltr'><strong>est’</strong></span> <span class='ocrx_word' id='word_1_64' title='bbox 1428 878 1524 963; x_wconf 82' lang='lat' dir='ltr'><strong>(Brut.</strong></span> 
     </span>
     <span class='ocr_line' id='line_1_8' title="bbox 172 982 1526 1071; baseline -0.005 -22"><span class='ocrx_word' id='word_1_65' title='bbox 172 993 203 1063; x_wconf 89' lang='lat'><strong>3,</strong></span> <span class='ocrx_word' id='word_1_66' title='bbox 229 986 294 1071; x_wconf 89' lang='lat'>14),</span> <span class='ocrx_word' id='word_1_67' title='bbox 326 1005 455 1066; x_wconf 90' lang='lat' dir='ltr'><strong>eamque</strong></span> <span class='ocrx_word' id='word_1_68' title='bbox 485 1005 547 1044; x_wconf 92' lang='lat' dir='ltr'><strong>non</strong></span> <span class='ocrx_word' id='word_1_69' title='bbox 580 985 677 1044; x_wconf 89' lang='lat' dir='ltr'><strong>solum</strong></span> <span class='ocrx_word' id='word_1_70' title='bbox 708 1003 809 1043; x_wconf 88' lang='lat' dir='ltr'><strong>rernm</strong></span> <span class='ocrx_word' id='word_1_71' title='bbox 832 983 1006 1062; x_wconf 89' lang='lat' dir='ltr'><strong>insignium,</strong></span> <span class='ocrx_word' id='word_1_72' title='bbox 1036 1002 1115 1063; x_wconf 90' lang='lat' dir='ltr'><strong>quae</strong></span> <span class='ocrx_word' id='word_1_73' title='bbox 1138 982 1262 1043; x_wconf 88' lang='lat' dir='ltr'><strong>adrem</strong></span> <span class='ocrx_word' id='word_1_74' title='bbox 1284 985 1439 1065; x_wconf 90' lang='lat' dir='ltr'><strong>publicam</strong></span> <span class='ocrx_word' id='word_1_75' title='bbox 1461 1004 1526 1065; x_wconf 90' lang='lat' dir='ltr'><strong>per·</strong></span> 
     </span>
     <span class='ocr_line' id='line_1_9' title="bbox 170 1084 1525 1171; baseline -0.003 -18"><span class='ocrx_word' id='word_1_76' title='bbox 170 1092 317 1166; x_wconf 89' lang='lat' dir='ltr'><strong>tinebant,</strong></span> <span class='ocrx_word' id='word_1_77' title='bbox 350 1089 404 1151; x_wconf 92' lang='lat' dir='ltr'><strong>sed</strong></span> <span class='ocrx_word' id='word_1_78' title='bbox 436 1090 527 1148; x_wconf 89' lang='lat' dir='ltr'><strong>etiam</strong></span> <span class='ocrx_word' id='word_1_79' title='bbox 559 1109 637 1168; x_wconf 87' lang='lat' dir='ltr'><strong>quae</strong></span> <span class='ocrx_word' id='word_1_80' title='bbox 668 1088 848 1168; x_wconf 90' lang='lat' dir='ltr'><strong>spectabant</strong></span> <span class='ocrx_word' id='word_1_81' title='bbox 874 1087 913 1145; x_wconf 90' lang='lat' dir='ltr'><strong>ad</strong></span> <span class='ocrx_word' id='word_1_82' title='bbox 935 1087 1051 1148; x_wconf 90' lang='lat' dir='ltr'><strong>litteras</strong></span> <span class='ocrx_word' id='word_1_83' title='bbox 1060 1084 1094 1171; x_wconf 88' lang='lat'><strong>¹).</strong></span> <span class='ocrx_word' id='word_1_84' title='bbox 1141 1108 1231 1167; x_wconf 91' lang='lat' dir='ltr'><strong>quem</strong></span> <span class='ocrx_word' id='word_1_85' title='bbox 1261 1088 1373 1149; x_wconf 90' lang='lat' dir='ltr'><strong>librum</strong></span> <span class='ocrx_word' id='word_1_86' title='bbox 1406 1089 1525 1169; x_wconf 86' lang='lat' dir='ltr'><strong>saepius</strong></span> 
     </span>
     <span class='ocr_line' id='line_1_10' title="bbox 173 1192 1528 1274; baseline -0.004 -16"><span class='ocrx_word' id='word_1_87' title='bbox 173 1198 279 1258; x_wconf 91' lang='lat' dir='ltr'><strong>Cicero</strong></span> <span class='ocrx_word' id='word_1_88' title='bbox 309 1196 354 1255; x_wconf 89' lang='lat' dir='ltr'><strong>ita</strong></span> <span class='ocrx_word' id='word_1_89' title='bbox 385 1203 607 1268; x_wconf 82' lang='lat' dir='ltr'><strong>commemorat,</strong></span> <span class='ocrx_word' id='word_1_90' title='bbox 640 1204 673 1252; x_wconf 86' lang='lat' dir='ltr'><strong>ut</strong></span> <span class='ocrx_word' id='word_1_91' title='bbox 705 1192 786 1252; x_wconf 90' lang='lat' dir='ltr'><strong>dicat</strong></span> <span class='ocrx_word' id='word_1_92' title='bbox 815 1202 847 1253; x_wconf 91' lang='lat' dir='ltr'><strong>et</strong></span> <span class='ocrx_word' id='word_1_93' title='bbox 878 1192 916 1252; x_wconf 95' lang='lat' dir='ltr'><strong>ad</strong></span> <span class='ocrx_word' id='word_1_94' title='bbox 948 1201 1116 1273; x_wconf 90' lang='lat' dir='ltr'><strong>temporum</strong></span> <span class='ocrx_word' id='word_1_95' title='bbox 1150 1195 1282 1255; x_wconf 88' lang='lat' dir='ltr'><strong>rationes</strong></span> <span class='ocrx_word' id='word_1_96' title='bbox 1313 1193 1392 1253; x_wconf 92' lang='lat' dir='ltr'><strong>bene</strong></span> <span class='ocrx_word' id='word_1_97' title='bbox 1412 1194 1528 1274; x_wconf 90' lang='lat' dir='ltr'><strong>perspi·</strong></span> 
     </span>
     <span class='ocr_line' id='line_1_11' title="bbox 173 1296 1529 1379; baseline -0.002 -18"><span class='ocrx_word' id='word_1_98' title='bbox 173 1302 295 1362; x_wconf 87' lang='lat' dir='ltr'><strong>ciendas</strong></span> <span class='ocrx_word' id='word_1_99' title='bbox 317 1300 443 1361; x_wconf 90' lang='lat' dir='ltr'><strong>multum</strong></span> <span class='ocrx_word' id='word_1_100' title='bbox 465 1297 592 1359; x_wconf 85' lang='lat' dir='ltr'><strong>scinde</strong></span> <span class='ocrx_word' id='word_1_101' title='bbox 613 1299 786 1379; x_wconf 85' lang='lat' dir='ltr'><strong>percepisse</strong></span> <span class='ocrx_word' id='word_1_102' title='bbox 810 1300 859 1375; x_wconf 87' lang='lat' dir='ltr'><strong>(cf.</strong></span> <span class='ocrx_word' id='word_1_103' title='bbox 885 1296 937 1357; x_wconf 91' lang='lat' dir='ltr'><strong>Or.</strong></span> <span class='ocrx_word' id='word_1_104' title='bbox 963 1300 1015 1369; x_wconf 85' lang='lat'><strong>34,</strong></span> <span class='ocrx_word' id='word_1_105' title='bbox 1041 1300 1117 1372; x_wconf 78' lang='lat'>1203</span> <span class='ocrx_word' id='word_1_106' title='bbox 1150 1297 1237 1360; x_wconf 89' lang='lat' dir='ltr'><strong>Brut.</strong></span> <span class='ocrx_word' id='word_1_107' title='bbox 1264 1301 1313 1374; x_wconf 89' lang='grc'><strong>18,</strong></span> <span class='ocrx_word' id='word_1_108' title='bbox 1338 1301 1394 1375; x_wconf 79' lang='grc'><strong>72;</strong></span> <span class='ocrx_word' id='word_1_109' title='bbox 1417 1301 1449 1373; x_wconf 90' lang='grc'><strong>4,</strong></span> <span class='ocrx_word' id='word_1_110' title='bbox 1475 1303 1529 1376; x_wconf 87' lang='grc'><strong>15;</strong></span> 
     </span>
     <span class='ocr_line' id='line_1_12' title="bbox 177 1402 1619 1493; baseline -0.002 -27"><span class='ocrx_word' id='word_1_111' title='bbox 177 1413 226 1483; x_wconf 95' lang='grc'><strong>11,</strong></span> <span class='ocrx_word' id='word_1_112' title='bbox 249 1406 306 1486; x_wconf 87' lang='grc'><strong>44)</strong></span> <span class='ocrx_word' id='word_1_113' title='bbox 329 1414 360 1465; x_wconf 88' lang='lat' dir='ltr'><strong>et</strong></span> <span class='ocrx_word' id='word_1_114' title='bbox 380 1407 479 1486; x_wconf 89' lang='lat' dir='ltr'><strong>ipsum</strong></span> <span class='ocrx_word' id='word_1_115' title='bbox 501 1402 600 1464; x_wconf 90' lang='lat' dir='ltr'><strong>studio</strong></span> <span class='ocrx_word' id='word_1_116' title='bbox 623 1403 784 1462; x_wconf 83' lang='lat' dir='ltr'><strong>illustrium</strong></span> <span class='ocrx_word' id='word_1_117' title='bbox 804 1403 959 1462; x_wconf 89' lang='lat' dir='ltr'><strong>homiuum</strong></span> <span class='ocrx_word' id='word_1_118' title='bbox 982 1411 1097 1461; x_wconf 88' lang='lat' dir='ltr'><strong>aetates</strong></span> <span class='ocrx_word' id='word_1_119' title='bbox 1120 1412 1150 1463; x_wconf 90' lang='lat' dir='ltr'><strong>et</strong></span> <span class='ocrx_word' id='word_1_120' title='bbox 1171 1411 1308 1484; x_wconf 87' lang='lat' dir='ltr'><strong>tempora</strong></span> <span class='ocrx_word' id='word_1_121' title='bbox 1323 1404 1525 1485; x_wconf 86' lang='lat' dir='ltr'><strong>persequendi</strong></span> <span class='ocrx_word' id='word_1_122' title='bbox 1618 1478 1619 1493; x_wconf 12' lang='grc' dir='ltr'>ἵ</span> 
     </span>
     <span class='ocr_line' id='line_1_13' title="bbox 173 1494 1619 1590; baseline -0.006 -19"><span class='ocrx_word' id='word_1_123' title='bbox 173 1512 389 1571; x_wconf 86' lang='lat' dir='ltr'><strong>inflammatum</strong></span> <span class='ocrx_word' id='word_1_124' title='bbox 412 1530 478 1570; x_wconf 89' lang='lat' dir='ltr'><strong>esse</strong></span> <span class='ocrx_word' id='word_1_125' title='bbox 501 1506 602 1590; x_wconf 86' lang='lat' dir='ltr'><strong>(Brut.</strong></span> <span class='ocrx_word' id='word_1_126' title='bbox 628 1510 678 1581; x_wconf 87' lang='grc'><strong>19,</strong></span> <span class='ocrx_word' id='word_1_127' title='bbox 703 1504 769 1590; x_wconf 89' lang='grc'>74).</span> <span class='ocrx_word' id='word_1_128' title='bbox 808 1527 990 1587; x_wconf 90' lang='lat' dir='ltr'><strong>quamquam</strong></span> <span class='ocrx_word' id='word_1_129' title='bbox 1023 1506 1081 1566; x_wconf 92' lang='lat' dir='ltr'><strong>hoc</strong></span> <span class='ocrx_word' id='word_1_130' title='bbox 1104 1508 1237 1569; x_wconf 90' lang='lat' dir='ltr'><strong>vicissim</strong></span> <span class='ocrx_word' id='word_1_131' title='bbox 1268 1509 1381 1568; x_wconf 88' lang='lat' dir='ltr'><strong>factum</strong></span> <span class='ocrx_word' id='word_1_132' title='bbox 1403 1528 1468 1569; x_wconf 88' lang='lat' dir='ltr'><strong>csse</strong></span> <span class='ocrx_word' id='word_1_133' title='bbox 1490 1530 1528 1569; x_wconf 84' lang='lat' dir='ltr'><strong>ex</strong></span> <span class='ocrx_word' id='word_1_134' title='bbox 1618 1494 1619 1563; x_wconf 80' lang='lat' dir='ltr'><strong>l</strong></span> 
     </span>
     <span class='ocr_line' id='line_1_14' title="bbox 174 1610 1527 1695; baseline -0.002 -19"><span class='ocrx_word' id='word_1_135' title='bbox 174 1618 257 1676; x_wconf 86' lang='lat' dir='ltr'><strong>Brut.</strong></span> <span class='ocrx_word' id='word_1_136' title='bbox 281 1618 311 1690; x_wconf 83' lang='lat'><strong>5,</strong></span> <span class='ocrx_word' id='word_1_137' title='bbox 336 1618 376 1675; x_wconf 93' lang='grc'><strong>19</strong></span> <span class='ocrx_word' id='word_1_138' title='bbox 404 1616 539 1695; x_wconf 85' lang='lat' dir='ltr'><strong>adparet.</strong></span> <span class='ocrx_word' id='word_1_139' title='bbox 563 1633 633 1673; x_wconf 91' lang='lat' dir='ltr'><strong>nam</strong></span> <span class='ocrx_word' id='word_1_140' title='bbox 652 1614 773 1673; x_wconf 84' lang='lat' dir='ltr'><strong>Atticus</strong></span> <span class='ocrx_word' id='word_1_141' title='bbox 791 1613 858 1692; x_wconf 90' lang='lat' dir='ltr'><strong>ipse</strong></span> <span class='ocrx_word' id='word_1_142' title='bbox 879 1610 1033 1672; x_wconf 76' lang='lat' dir='ltr'><strong>Ciceronis</strong></span> <span class='ocrx_word' id='word_1_143' title='bbox 1049 1611 1087 1672; x_wconf 93' lang='lat' dir='ltr'><strong>de</strong></span> <span class='ocrx_word' id='word_1_144' title='bbox 1110 1634 1142 1673; x_wconf 88' lang='lat' dir='ltr'><strong>rs</strong></span> <span class='ocrx_word' id='word_1_145' title='bbox 1157 1612 1279 1694; x_wconf 90' lang='lat' dir='ltr'><strong>publica</strong></span> <span class='ocrx_word' id='word_1_146' title='bbox 1294 1613 1380 1675; x_wconf 89' lang='lat' dir='ltr'><strong>libris</strong></span> <span class='ocrx_word' id='word_1_147' title='bbox 1402 1612 1527 1674; x_wconf 84' lang='lat' dir='ltr'><strong>se&#39;com-</strong></span> 
     </span>
     <span class='ocr_line' id='line_1_15' title="bbox 173 1716 1527 1800; baseline -0.001 -19"><span class='ocrx_word' id='word_1_148' title='bbox 173 1729 285 1781; x_wconf 89' lang='lat' dir='ltr'><strong>motum</strong></span> <span class='ocrx_word' id='word_1_149' title='bbox 308 1739 373 1779; x_wconf 90' lang='lat' dir='ltr'><strong>esse</strong></span> <span class='ocrx_word' id='word_1_150' title='bbox 395 1721 438 1778; x_wconf 88' lang='lat' dir='ltr'><strong>ait</strong></span> <span class='ocrx_word' id='word_1_151' title='bbox 460 1718 499 1778; x_wconf 90' lang='lat' dir='ltr'><strong>ad</strong></span> <span class='ocrx_word' id='word_1_152' title='bbox 515 1718 693 1799; x_wconf 87' lang='lat' dir='ltr'><strong>opusculum</strong></span> <span class='ocrx_word' id='word_1_153' title='bbox 706 1717 785 1777; x_wconf 93' lang='lat' dir='ltr'><strong>illud</strong></span> <span class='ocrx_word' id='word_1_154' title='bbox 801 1716 1058 1778; x_wconf 88' lang='lat' dir='ltr'><strong>conscribendum.</strong></span> <span class='ocrx_word' id='word_1_155' title='bbox 1083 1717 1203 1779; x_wconf 87' lang='lat' dir='ltr'><strong>videtur</strong></span> <span class='ocrx_word' id='word_1_156' title='bbox 1223 1728 1323 1779; x_wconf 89' lang='lat' dir='ltr'><strong>autern</strong></span> <span class='ocrx_word' id='word_1_157' title='bbox 1341 1719 1527 1800; x_wconf 83' lang='lat' dir='ltr'><strong>Pomponius</strong></span> 
     </span>
    </p>
   </div>
   <div class='ocr_carea' id='block_1_6' title="bbox 173 1821 1620 2009">
    <p class='ocr_par' dir='ltr' id='par_1_6' title="bbox 173 1821 1620 2009">
     <span class='ocr_line' id='line_1_16' title="bbox 173 1821 1620 1904; baseline -0.001 -18"><span class='ocrx_word' id='word_1_158' title='bbox 173 1846 289 1886; x_wconf 89' lang='lat' dir='ltr'><strong>summa</strong></span> <span class='ocrx_word' id='word_1_159' title='bbox 311 1844 381 1885; x_wconf 91' lang='lat' dir='ltr'><strong>cum</strong></span> <span class='ocrx_word' id='word_1_160' title='bbox 403 1823 564 1903; x_wconf 88' lang='lat' dir='ltr'><strong>diligentia</strong></span> <span class='ocrx_word' id='word_1_161' title='bbox 587 1833 618 1883; x_wconf 92' lang='lat' dir='ltr'><strong>et</strong></span> <span class='ocrx_word' id='word_1_162' title='bbox 640 1822 699 1882; x_wconf 88' lang='lat' dir='ltr'><strong>tide</strong></span> <span class='ocrx_word' id='word_1_163' title='bbox 722 1821 834 1881; x_wconf 88' lang='lat' dir='ltr'><strong>librum</strong></span> <span class='ocrx_word' id='word_1_164' title='bbox 857 1842 942 1882; x_wconf 89' lang='lat' dir='ltr'><strong>suum</strong></span> <span class='ocrx_word' id='word_1_165' title='bbox 966 1824 1129 1903; x_wconf 88' lang='lat' dir='ltr'><strong>scripsisse.</strong></span> <span class='ocrx_word' id='word_1_166' title='bbox 1138 1822 1162 1901; x_wconf 86' lang='lat'><strong>²)</strong></span> <span class='ocrx_word' id='word_1_167' title='bbox 1197 1825 1303 1903; x_wconf 86' lang='lat' dir='ltr'><strong>itaque</strong></span> <span class='ocrx_word' id='word_1_168' title='bbox 1335 1824 1427 1904; x_wconf 88' lang='lat' dir='ltr'><strong>plane</strong></span> <span class='ocrx_word' id='word_1_169' title='bbox 1460 1844 1527 1883; x_wconf 91' lang='lat' dir='ltr'><strong>cou-</strong></span> <span class='ocrx_word' id='word_1_170' title='bbox 1619 1876 1620 1885; x_wconf 70' lang='grc'>,</span> 
     </span>
     <span class='ocr_line' id='line_1_17' title="bbox 173 1926 1620 2009; baseline 0 -18"><span class='ocrx_word' id='word_1_171' title='bbox 173 1941 351 1991; x_wconf 87' lang='lat' dir='ltr'><strong>sentaneum</strong></span> <span class='ocrx_word' id='word_1_172' title='bbox 374 1937 438 1988; x_wconf 91' lang='lat' dir='ltr'><strong>erat</strong></span> <span class='ocrx_word' id='word_1_173' title='bbox 460 1927 636 1988; x_wconf 79' lang='lat' dir='ltr'><strong>Ciceronem</strong></span> <span class='ocrx_word' id='word_1_174' title='bbox 658 1926 740 1986; x_wconf 88' lang='lat' dir='ltr'><strong>baud</strong></span> <span class='ocrx_word' id='word_1_175' title='bbox 762 1948 830 1986; x_wconf 90' lang='lat' dir='ltr'><strong>raro</strong></span> <span class='ocrx_word' id='word_1_176' title='bbox 854 1928 984 1987; x_wconf 89' lang='lat' dir='ltr'><strong>amicum</strong></span> <span class='ocrx_word' id='word_1_177' title='bbox 1006 1948 1092 1987; x_wconf 90' lang='lat' dir='ltr'><strong>suum</strong></span> <span class='ocrx_word' id='word_1_178' title='bbox 1116 1928 1312 2004; x_wconf 89' lang='lat' dir='ltr'><strong>consuluisse,</strong></span> <span class='ocrx_word' id='word_1_179' title='bbox 1336 1938 1369 1988; x_wconf 92' lang='lat' dir='ltr'><strong>ut</strong></span> <span class='ocrx_word' id='word_1_180' title='bbox 1391 1937 1529 2009; x_wconf 86' lang='lat' dir='ltr'><strong>tempora</strong></span> <span class='ocrx_word' id='word_1_181' title='bbox 1619 1988 1620 1991; x_wconf 74' lang='grc'><strong>,</strong></span> 
     </span>
    </p>
   </div>
   <div class='ocr_carea' id='block_1_7' title="bbox 174 2031 1621 2639">
    <p class='ocr_par' dir='ltr' id='par_1_7' title="bbox 174 2031 1621 2639">
     <span class='ocr_line' id='line_1_18' title="bbox 175 2031 1526 2117; baseline -0.002 -21"><span class='ocrx_word' id='word_1_182' title='bbox 175 2037 324 2117; x_wconf 80' lang='lat' dir='ltr'><strong>quaedam</strong></span> <span class='ocrx_word' id='word_1_183' title='bbox 347 2035 437 2094; x_wconf 88' lang='lat' dir='ltr'><strong>certis</strong></span> <span class='ocrx_word' id='word_1_184' title='bbox 461 2033 632 2093; x_wconf 85' lang='lat' dir='ltr'><strong>describere</strong></span> <span class='ocrx_word' id='word_1_185' title='bbox 654 2039 758 2111; x_wconf 91' lang='lat' dir='ltr'><strong>posset</strong></span> <span class='ocrx_word' id='word_1_186' title='bbox 778 2031 897 2093; x_wconf 90' lang='lat' dir='ltr'><strong>finibus.</strong></span> <span class='ocrx_word' id='word_1_187' title='bbox 930 2034 974 2091; x_wconf 88' lang='lat' dir='ltr'><strong>sic</strong></span> <span class='ocrx_word' id='word_1_188' title='bbox 1006 2033 1045 2092; x_wconf 88' lang='lat' dir='ltr'><strong>ad</strong></span> <span class='ocrx_word' id='word_1_189' title='bbox 1076 2034 1140 2092; x_wconf 86' lang='lat' dir='ltr'><strong>Att.</strong></span> <span class='ocrx_word' id='word_1_190' title='bbox 1172 2034 1240 2093; x_wconf 87' lang='lat' dir='ltr'><strong>XII</strong></span> <span class='ocrx_word' id='word_1_191' title='bbox 1272 2035 1302 2105; x_wconf 85' lang='lat' dir='ltr'><strong>b,</strong></span> <span class='ocrx_word' id='word_1_192' title='bbox 1335 2036 1369 2109; x_wconf 85' lang='lat'><strong>3;</strong></span> <span class='ocrx_word' id='word_1_193' title='bbox 1409 2035 1460 2104; x_wconf 75' lang='lat'><strong>20,</strong></span> <span class='ocrx_word' id='word_1_194' title='bbox 1494 2038 1526 2108; x_wconf 74' lang='lat'><strong>23</strong></span> 
     </span>
     <span class='ocr_line' id='line_1_19' title="bbox 176 2135 1529 2220; baseline -0.002 -19"><span class='ocrx_word' id='word_1_195' title='bbox 176 2144 226 2216; x_wconf 80' lang='lat'><strong>23,</strong></span> <span class='ocrx_word' id='word_1_196' title='bbox 252 2145 284 2216; x_wconf 76' lang='lat'><strong>23</strong></span> <span class='ocrx_word' id='word_1_197' title='bbox 305 2139 389 2199; x_wconf 85' lang='lat' dir='ltr'>XIII</span> <span class='ocrx_word' id='word_1_198' title='bbox 412 2142 441 2212; x_wconf 90' lang='grc'><strong>6,</strong></span> <span class='ocrx_word' id='word_1_199' title='bbox 466 2141 502 2213; x_wconf 87' lang='grc'><strong>4;</strong></span> <span class='ocrx_word' id='word_1_200' title='bbox 526 2140 578 2211; x_wconf 88' lang='lat'><strong>30,</strong></span> <span class='ocrx_word' id='word_1_201' title='bbox 603 2139 639 2212; x_wconf 80' lang='lat'><strong>33</strong></span> <span class='ocrx_word' id='word_1_202' title='bbox 662 2137 713 2218; x_wconf 79' lang='lat'><strong>32,</strong></span> <span class='ocrx_word' id='word_1_203' title='bbox 738 2139 843 2196; x_wconf 78' lang='lat' dir='ltr'><strong>Beum</strong></span> <span class='ocrx_word' id='word_1_204' title='bbox 858 2148 954 2216; x_wconf 87' lang='lat' dir='ltr'><strong>rogat,</strong></span> <span class='ocrx_word' id='word_1_205' title='bbox 976 2135 1011 2196; x_wconf 91' lang='lat' dir='ltr'><strong>ut</strong></span> <span class='ocrx_word' id='word_1_206' title='bbox 1025 2143 1217 2219; x_wconf 82' lang='lat' dir='ltr'><strong>quaestiones</strong></span> <span class='ocrx_word' id='word_1_207' title='bbox 1233 2139 1350 2220; x_wconf 83' lang='lat' dir='ltr'><strong>aliquot</strong></span> <span class='ocrx_word' id='word_1_208' title='bbox 1372 2138 1529 2199; x_wconf 86' lang='lat' dir='ltr'><strong>historicas</strong></span> 
     </span>
     <span class='ocr_line' id='line_1_20' title="bbox 175 2242 1530 2325; baseline -0.002 -20"><span class='ocrx_word' id='word_1_209' title='bbox 175 2246 233 2306; x_wconf 93' lang='lat' dir='ltr'><strong>sibi</strong></span> <span class='ocrx_word' id='word_1_210' title='bbox 256 2244 408 2325; x_wconf 84' lang='lat' dir='ltr'><strong>expediat,</strong></span> <span class='ocrx_word' id='word_1_211' title='bbox 434 2251 465 2302; x_wconf 93' lang='lat' dir='ltr'><strong>et</strong></span> <span class='ocrx_word' id='word_1_212' title='bbox 486 2243 571 2305; x_wconf 84' lang='lat' dir='ltr'><strong>Brut.</strong></span> <span class='ocrx_word' id='word_1_213' title='bbox 613 2247 663 2317; x_wconf 92' lang='lat'><strong>11,</strong></span> <span class='ocrx_word' id='word_1_214' title='bbox 686 2244 729 2302; x_wconf 91' lang='lat'><strong>44</strong></span> <span class='ocrx_word' id='word_1_215' title='bbox 753 2261 787 2301; x_wconf 89' lang='lat' dir='ltr'><strong>se</strong></span> <span class='ocrx_word' id='word_1_216' title='bbox 808 2242 936 2321; x_wconf 91' lang='lat' dir='ltr'><strong>posthac</strong></span> <span class='ocrx_word' id='word_1_217' title='bbox 959 2244 1074 2303; x_wconf 89' lang='lat' dir='ltr'><strong>cautius</strong></span> <span class='ocrx_word' id='word_1_218' title='bbox 1097 2244 1253 2303; x_wconf 82' lang='lat' dir='ltr'><strong>historiam</strong></span> <span class='ocrx_word' id='word_1_219' title='bbox 1277 2246 1425 2323; x_wconf 88' lang='lat' dir='ltr'><strong>attingere</strong></span> <span class='ocrx_word' id='word_1_220' title='bbox 1447 2244 1530 2303; x_wconf 84' lang='lat' dir='ltr'><strong>velle</strong></span> 
     </span>
     <span class='ocr_line' id='line_1_21' title="bbox 174 2344 1530 2427; baseline -0.004 -16"><span class='ocrx_word' id='word_1_221' title='bbox 174 2352 228 2411; x_wconf 93' lang='lat' dir='ltr'><strong>illo</strong></span> <span class='ocrx_word' id='word_1_222' title='bbox 251 2350 395 2410; x_wconf 86' lang='lat' dir='ltr'><strong>audiente</strong></span> <span class='ocrx_word' id='word_1_223' title='bbox 416 2348 574 2427; x_wconf 90' lang='lat' dir='ltr'><strong>promittit.</strong></span> <span class='ocrx_word' id='word_1_224' title='bbox 606 2345 660 2406; x_wconf 89' lang='lat' dir='ltr'><strong>sed</strong></span> <span class='ocrx_word' id='word_1_225' title='bbox 691 2344 766 2405; x_wconf 91' lang='lat' dir='ltr'><strong>haec</strong></span> <span class='ocrx_word' id='word_1_226' title='bbox 797 2348 949 2407; x_wconf 88' lang='lat' dir='ltr'><strong>sufficiant</strong></span> <span class='ocrx_word' id='word_1_227' title='bbox 982 2348 1021 2407; x_wconf 91' lang='lat' dir='ltr'><strong>ad</strong></span> <span class='ocrx_word' id='word_1_228' title='bbox 1054 2348 1265 2410; x_wconf 90' lang='lat' dir='ltr'><strong>illustrandum</strong></span> <span class='ocrx_word' id='word_1_229' title='bbox 1292 2350 1377 2408; x_wconf 90' lang='lat' dir='ltr'><strong>illam</strong></span> <span class='ocrx_word' id='word_1_230' title='bbox 1400 2350 1530 2409; x_wconf 91' lang='lat' dir='ltr'><strong>necessi-</strong></span> 
     </span>
     <span class='ocr_line' id='line_1_22' title="bbox 174 2448 1621 2534; baseline -0.001 -20"><span class='ocrx_word' id='word_1_231' title='bbox 174 2455 320 2529; x_wconf 84' lang='lat' dir='ltr'><strong>tudinem,</strong></span> <span class='ocrx_word' id='word_1_232' title='bbox 355 2473 415 2532; x_wconf 93' lang='lat' dir='ltr'><strong>qua</strong></span> <span class='ocrx_word' id='word_1_233' title='bbox 437 2455 515 2513; x_wconf 90' lang='lat' dir='ltr'><strong>inter</strong></span> <span class='ocrx_word' id='word_1_234' title='bbox 537 2472 570 2512; x_wconf 94' lang='lat' dir='ltr'><strong>se</strong></span> <span class='ocrx_word' id='word_1_235' title='bbox 593 2452 747 2511; x_wconf 91' lang='lat' dir='ltr'><strong>coniuncti</strong></span> <span class='ocrx_word' id='word_1_236' title='bbox 769 2461 855 2512; x_wconf 89' lang='lat' dir='ltr'><strong>erant</strong></span> <span class='ocrx_word' id='word_1_237' title='bbox 878 2450 984 2512; x_wconf 92' lang='lat' dir='ltr'><strong>Cicero</strong></span> <span class='ocrx_word' id='word_1_238' title='bbox 1017 2462 1047 2512; x_wconf 93' lang='lat' dir='ltr'><strong>et</strong></span> <span class='ocrx_word' id='word_1_239' title='bbox 1070 2455 1199 2515; x_wconf 78' lang='lat' dir='ltr'><strong>Atticus.</strong></span> <span class='ocrx_word' id='word_1_240' title='bbox 1223 2475 1262 2515; x_wconf 83' lang='lat' dir='ltr'><strong>ex</strong></span> <span class='ocrx_word' id='word_1_241' title='bbox 1285 2473 1345 2534; x_wconf 90' lang='lat' dir='ltr'><strong>qua</strong></span> <span class='ocrx_word' id='word_1_242' title='bbox 1367 2452 1420 2513; x_wconf 92' lang='lat' dir='ltr'><strong>ille</strong></span> <span class='ocrx_word' id='word_1_243' title='bbox 1442 2454 1530 2513; x_wconf 90' lang='lat' dir='ltr'><strong>uber·</strong></span> <span class='ocrx_word' id='word_1_244' title='bbox 1620 2448 1621 2455; x_wconf 56' lang='lat'><em>&#39;</em></span> 
     </span>
     <span class='ocr_line' id='line_1_23' title="bbox 174 2556 1530 2639; baseline -0.003 -19"><span class='ocrx_word' id='word_1_245' title='bbox 174 2563 264 2620; x_wconf 89' lang='lat' dir='ltr'><strong>rimos</strong></span> <span class='ocrx_word' id='word_1_246' title='bbox 287 2558 324 2617; x_wconf 90' lang='lat' dir='ltr'><strong>ad</strong></span> <span class='ocrx_word' id='word_1_247' title='bbox 349 2557 449 2618; x_wconf 90' lang='lat' dir='ltr'><strong>studia</strong></span> <span class='ocrx_word' id='word_1_248' title='bbox 471 2577 527 2615; x_wconf 89' lang='lat' dir='ltr'><strong>sua</strong></span> <span class='ocrx_word' id='word_1_249' title='bbox 548 2556 660 2615; x_wconf 79' lang='lat' dir='ltr'><strong>alenda</strong></span> <span class='ocrx_word' id='word_1_250' title='bbox 683 2564 774 2636; x_wconf 90' lang='lat' dir='ltr'><strong>atque</strong></span> <span class='ocrx_word' id='word_1_251' title='bbox 789 2556 978 2617; x_wconf 87' lang='lat' dir='ltr'><strong>sublevanda</strong></span> <span class='ocrx_word' id='word_1_252' title='bbox 993 2558 1182 2639; x_wconf 84' lang='lat' dir='ltr'><strong>percipiebat</strong></span> <span class='ocrx_word' id='word_1_253' title='bbox 1205 2560 1326 2634; x_wconf 80' lang='lat' dir='ltr'><strong>fructus,</strong></span> <span class='ocrx_word' id='word_1_254' title='bbox 1349 2560 1530 2639; x_wconf 89' lang='lat' dir='ltr'><strong>praesertim</strong></span> 
     </span>
    </p>
   </div>
   <div class='ocr_carea' id='block_1_8' title="bbox 175 2661 1622 2744">
    <p class='ocr_par' dir='ltr' id='par_1_8' title="bbox 175 2661 1622 2744">
     <span class='ocr_line' id='line_1_24' title="bbox 175 2661 1622 2744; baseline -0.002 -19"><span class='ocrx_word' id='word_1_255' title='bbox 175 2686 243 2725; x_wconf 89' lang='lat' dir='ltr'><strong>cum</strong></span> <span class='ocrx_word' id='word_1_256' title='bbox 267 2663 362 2724; x_wconf 88' lang='lat' dir='ltr'><strong>Attici</strong></span> <span class='ocrx_word' id='word_1_257' title='bbox 383 2661 579 2743; x_wconf 88' lang='lat' dir='ltr'><strong>bybliotheca</strong></span> <span class='ocrx_word' id='word_1_258' title='bbox 602 2663 703 2722; x_wconf 81' lang='lat' dir='ltr'><strong>omnis</strong></span> <span class='ocrx_word' id='word_1_259' title='bbox 727 2663 756 2722; x_wconf 93' lang='lat' dir='ltr'><strong>ei</strong></span> <span class='ocrx_word' id='word_1_260' title='bbox 787 2672 869 2723; x_wconf 90' lang='lat' dir='ltr'><strong>certe</strong></span> <span class='ocrx_word' id='word_1_261' title='bbox 891 2661 1100 2743; x_wconf 88' lang='lat' dir='ltr'><strong>suppeditaret</strong></span> <span class='ocrx_word' id='word_1_262' title='bbox 1122 2665 1238 2725; x_wconf 83' lang='lat' dir='ltr'><strong>auxilia</strong></span> <span class='ocrx_word' id='word_1_263' title='bbox 1261 2664 1300 2723; x_wconf 91' lang='lat' dir='ltr'><strong>ad</strong></span> <span class='ocrx_word' id='word_1_264' title='bbox 1324 2683 1531 2744; x_wconf 88' lang='lat' dir='ltr'><strong>quascumque</strong></span> <span class='ocrx_word' id='word_1_265' title='bbox 1621 2676 1622 2731; x_wconf 73' lang='grc' dir='ltr'>ἶ</span> 
     </span>
    </p>
   </div>
   <div class='ocr_carea' id='block_1_9' title="bbox 178 2766 1533 2954">
    <p class='ocr_par' dir='ltr' id='par_1_9' title="bbox 178 2766 1533 2954">
     <span class='ocr_line' id='line_1_25' title="bbox 178 2766 880 2851; baseline -0.001 -22"><span class='ocrx_word' id='word_1_266' title='bbox 178 2771 370 2851; x_wconf 87' lang='lat' dir='ltr'><strong>quaestiones</strong></span> <span class='ocrx_word' id='word_1_267' title='bbox 393 2767 619 2849; x_wconf 89' lang='lat' dir='ltr'><strong>persequendas</strong></span> <span class='ocrx_word' id='word_1_268' title='bbox 641 2777 673 2828; x_wconf 89' lang='lat' dir='ltr'><strong>et</strong></span> <span class='ocrx_word' id='word_1_269' title='bbox 696 2766 880 2829; x_wconf 89' lang='lat' dir='ltr'><strong>enodandas.</strong></span> 
     </span>
     <span class='ocr_line' id='line_1_26' title="bbox 277 2870 1533 2954; baseline -0.002 -20"><span class='ocrx_word' id='word_1_270' title='bbox 277 2875 388 2954; x_wconf 87' lang='lat' dir='ltr'><strong>Neque</strong></span> <span class='ocrx_word' id='word_1_271' title='bbox 422 2894 495 2933; x_wconf 83' lang='lat' dir='ltr'><strong>vero</strong></span> <span class='ocrx_word' id='word_1_272' title='bbox 532 2872 603 2932; x_wconf 90' lang='lat' dir='ltr'><strong>hinc</strong></span> <span class='ocrx_word' id='word_1_273' title='bbox 642 2871 804 2949; x_wconf 88' lang='lat' dir='ltr'><strong>discedam,</strong></span> <span class='ocrx_word' id='word_1_274' title='bbox 845 2874 917 2953; x_wconf 89' lang='lat' dir='ltr'><strong>quin</strong></span> <span class='ocrx_word' id='word_1_275' title='bbox 954 2874 1059 2954; x_wconf 90' lang='lat' dir='ltr'><strong>paucis</strong></span> <span class='ocrx_word' id='word_1_276' title='bbox 1092 2875 1238 2953; x_wconf 90' lang='lat' dir='ltr'><strong>attingam</strong></span> <span class='ocrx_word' id='word_1_277' title='bbox 1270 2876 1305 2934; x_wconf 96' lang='lat' dir='ltr'><strong>P.</strong></span> <span class='ocrx_word' id='word_1_278' title='bbox 1339 2870 1533 2952; x_wconf 83' lang='lat' dir='ltr'><strong>Nigidium</strong></span> 
     </span>
    </p>
   </div>
   <div class='ocr_carea' id='block_1_10' title="bbox 174 2976 1622 3061">
    <p class='ocr_par' dir='ltr' id='par_1_10' title="bbox 174 2976 1622 3061">
     <span class='ocr_line' id='line_1_27' title="bbox 174 2976 1622 3061; baseline -0.001 -23"><span class='ocrx_word' id='word_1_279' title='bbox 174 2980 361 3058; x_wconf 83' lang='lat' dir='ltr'><strong>Figulum,</strong></span> <span class='ocrx_word' id='word_1_280' title='bbox 385 2978 537 3037; x_wconf 89' lang='lat' dir='ltr'><strong>hominem</strong></span> <span class='ocrx_word' id='word_1_281' title='bbox 559 2978 645 3036; x_wconf 83' lang='lat' dir='ltr'><strong>iuxta</strong></span> <span class='ocrx_word' id='word_1_282' title='bbox 654 2978 824 3037; x_wconf 89' lang='lat' dir='ltr'><strong>Varronem</strong></span> <span class='ocrx_word' id='word_1_283' title='bbox 841 2976 1087 3061; x_wconf 82' lang='lat' dir='ltr'><strong>doctissimum³)‚</strong></span> <span class='ocrx_word' id='word_1_284' title='bbox 1111 2980 1164 3057; x_wconf 88' lang='lat' dir='ltr'><strong>qui</strong></span> <span class='ocrx_word' id='word_1_285' title='bbox 1188 2979 1245 3038; x_wconf 88' lang='lat' dir='ltr'><strong>etsi</strong></span> <span class='ocrx_word' id='word_1_286' title='bbox 1260 3000 1321 3039; x_wconf 91' lang='lat' dir='ltr'><strong>non</strong></span> <span class='ocrx_word' id='word_1_287' title='bbox 1336 2988 1397 3038; x_wconf 90' lang='lat' dir='ltr'><strong>tam</strong></span> <span class='ocrx_word' id='word_1_288' title='bbox 1414 2980 1531 3039; x_wconf 89' lang='lat' dir='ltr'><strong>littera·</strong></span> <span class='ocrx_word' id='word_1_289' title='bbox 1621 3012 1622 3025; x_wconf 46' lang='grc' dir='ltr'>ι</span> 
     </span>
    </p>
   </div>
   <div class='ocr_carea' id='block_1_11' title="bbox 176 3082 1534 3164">
    <p class='ocr_par' dir='ltr' id='par_1_11' title="bbox 176 3082 1534 3164">
     <span class='ocr_line' id='line_1_28' title="bbox 176 3082 1534 3164; baseline -0.001 -21"><span class='ocrx_word' id='word_1_290' title='bbox 176 3105 243 3143; x_wconf 91' lang='lat' dir='ltr'><strong>rum</strong></span> <span class='ocrx_word' id='word_1_291' title='bbox 266 3084 365 3144; x_wconf 92' lang='lat' dir='ltr'><strong>studio</strong></span> <span class='ocrx_word' id='word_1_292' title='bbox 388 3102 422 3143; x_wconf 91' lang='lat' dir='ltr'><strong>se</strong></span> <span class='ocrx_word' id='word_1_293' title='bbox 445 3082 577 3157; x_wconf 89' lang='lat' dir='ltr'><strong>dederat,</strong></span> <span class='ocrx_word' id='word_1_294' title='bbox 611 3103 701 3163; x_wconf 87' lang='lat' dir='ltr'><strong>quam</strong></span> <span class='ocrx_word' id='word_1_295' title='bbox 730 3083 820 3142; x_wconf 91' lang='lat' dir='ltr'><strong>rebus</strong></span> <span class='ocrx_word' id='word_1_296' title='bbox 852 3083 944 3163; x_wconf 90' lang='lat' dir='ltr'><strong>paulo</strong></span> <span class='ocrx_word' id='word_1_297' title='bbox 967 3082 1174 3143; x_wconf 90' lang='lat' dir='ltr'><strong>subtilioribus</strong></span> <span class='ocrx_word' id='word_1_298' title='bbox 1196 3083 1426 3164; x_wconf 86' lang='lat' dir='ltr'><strong>investigandis,</strong></span> <span class='ocrx_word' id='word_1_299' title='bbox 1453 3103 1534 3164; x_wconf 89' lang='lat' dir='ltr'><strong>quae</strong></span> 
     </span>
    </p>
   </div>
   <div class='ocr_carea' id='block_1_12' title="bbox 175 3187 1622 3269">
    <p class='ocr_par' dir='ltr' id='par_1_12' title="bbox 175 3187 1622 3269">
     <span class='ocr_line' id='line_1_29' title="bbox 175 3187 1622 3269; baseline -0.001 -20"><span class='ocrx_word' id='word_1_300' title='bbox 175 3190 214 3249; x_wconf 91' lang='lat' dir='ltr'><strong>ad</strong></span> <span class='ocrx_word' id='word_1_301' title='bbox 236 3198 332 3248; x_wconf 88' lang='lat' dir='ltr'><strong>artem</strong></span> <span class='ocrx_word' id='word_1_302' title='bbox 354 3189 589 3267; x_wconf 87' lang='lat' dir='ltr'><strong>grammaticam,</strong></span> <span class='ocrx_word' id='word_1_303' title='bbox 624 3188 662 3246; x_wconf 92' lang='lat' dir='ltr'><strong>ad</strong></span> <span class='ocrx_word' id='word_1_304' title='bbox 685 3187 809 3248; x_wconf 89' lang='lat' dir='ltr'><strong>deorum</strong></span> <span class='ocrx_word' id='word_1_305' title='bbox 834 3188 956 3262; x_wconf 90' lang='lat' dir='ltr'><strong>cultum,</strong></span> <span class='ocrx_word' id='word_1_306' title='bbox 988 3187 1119 3267; x_wconf 90' lang='lat' dir='ltr'><strong>denique</strong></span> <span class='ocrx_word' id='word_1_307' title='bbox 1152 3188 1191 3247; x_wconf 88' lang='lat' dir='ltr'><strong>ad</strong></span> <span class='ocrx_word' id='word_1_308' title='bbox 1212 3188 1380 3269; x_wconf 86' lang='lat' dir='ltr'><strong>physicam,</strong></span> <span class='ocrx_word' id='word_1_309' title='bbox 1413 3189 1533 3249; x_wconf 88' lang='lat' dir='ltr'><strong>mathe—</strong></span> <span class='ocrx_word' id='word_1_310' title='bbox 1621 3200 1622 3263; x_wconf 52' lang='lat' dir='ltr'><strong><em>g</em></strong></span> 
     </span>
    </p>
   </div>
   <div class='ocr_carea' id='block_1_13' title="bbox 175 3288 1535 3691">
    <p class='ocr_par' dir='ltr' id='par_1_13' title="bbox 175 3288 1535 3691">
     <span class='ocr_line' id='line_1_30' title="bbox 175 3288 1532 3377; baseline 0.001 -24"><span class='ocrx_word' id='word_1_311' title='bbox 175 3294 324 3367; x_wconf 88' lang='lat' dir='ltr'><strong>maticam,</strong></span> <span class='ocrx_word' id='word_1_312' title='bbox 349 3294 578 3353; x_wconf 87' lang='lat' dir='ltr'><strong>astronomicam</strong></span> <span class='ocrx_word' id='word_1_313' title='bbox 600 3293 795 3372; x_wconf 88' lang='lat' dir='ltr'><strong>pertinebant</strong></span> <span class='ocrx_word' id='word_1_314' title='bbox 817 3288 871 3377; x_wconf 86' lang='lat' dir='ltr'><strong>(cf.</strong></span> <span class='ocrx_word' id='word_1_315' title='bbox 895 3292 958 3353; x_wconf 88' lang='lat' dir='ltr'><strong>Cic.</strong></span> <span class='ocrx_word' id='word_1_316' title='bbox 983 3294 1061 3353; x_wconf 81' lang='lat' dir='ltr'><strong>Tim.</strong></span> <span class='ocrx_word' id='word_1_317' title='bbox 1090 3290 1132 3375; x_wconf 88' lang='lat'><strong>1),</strong></span> <span class='ocrx_word' id='word_1_318' title='bbox 1164 3301 1266 3354; x_wconf 89' lang='lat' dir='ltr'><strong>tamen</strong></span> <span class='ocrx_word' id='word_1_319' title='bbox 1294 3303 1329 3354; x_wconf 92' lang='lat' dir='ltr'><strong>ut</strong></span> <span class='ocrx_word' id='word_1_320' title='bbox 1350 3296 1398 3353; x_wconf 87' lang='lat' dir='ltr'><strong>vir</strong></span> <span class='ocrx_word' id='word_1_321' title='bbox 1420 3293 1532 3355; x_wconf 91' lang='lat' dir='ltr'><strong>doctis·</strong></span> 
     </span>
     <span class='ocr_line' id='line_1_31' title="bbox 175 3396 1533 3477; baseline 0.002 -20"><span class='ocrx_word' id='word_1_322' title='bbox 175 3400 267 3458; x_wconf 91' lang='lat' dir='ltr'><strong>simus</strong></span> <span class='ocrx_word' id='word_1_323' title='bbox 288 3398 407 3477; x_wconf 90' lang='lat' dir='ltr'><strong>scriptis</strong></span> <span class='ocrx_word' id='word_1_324' title='bbox 429 3399 492 3457; x_wconf 90' lang='lat' dir='ltr'><strong>suis</strong></span> <span class='ocrx_word' id='word_1_325' title='bbox 515 3398 643 3457; x_wconf 90' lang='lat' dir='ltr'><strong>multum</strong></span> <span class='ocrx_word' id='word_1_326' title='bbox 667 3397 794 3457; x_wconf 89' lang='lat' dir='ltr'><strong>contulit</strong></span> <span class='ocrx_word' id='word_1_327' title='bbox 815 3396 855 3455; x_wconf 91' lang='lat' dir='ltr'><strong>ad</strong></span> <span class='ocrx_word' id='word_1_328' title='bbox 882 3397 983 3457; x_wconf 88' lang='lat' dir='ltr'><strong>studia</strong></span> <span class='ocrx_word' id='word_1_329' title='bbox 1013 3397 1183 3457; x_wconf 90' lang='lat' dir='ltr'><strong>litterarum</strong></span> <span class='ocrx_word' id='word_1_330' title='bbox 1213 3398 1393 3461; x_wconf 84' lang='lat' dir='ltr'><strong>exercenda.</strong></span> <span class='ocrx_word' id='word_1_331' title='bbox 1439 3409 1533 3475; x_wconf 87' lang='lat' dir='ltr'><strong>atque</strong></span> 
     </span>
     <span class='ocr_line' id='line_1_32' title="bbox 175 3501 1534 3589; baseline 0.002 -28"><span class='ocrx_word' id='word_1_332' title='bbox 175 3504 225 3563; x_wconf 93' lang='lat' dir='ltr'><strong>hic</strong></span> <span class='ocrx_word' id='word_1_333' title='bbox 248 3525 315 3562; x_wconf 90' lang='lat' dir='ltr'><strong>cum</strong></span> <span class='ocrx_word' id='word_1_334' title='bbox 340 3502 486 3562; x_wconf 87' lang='lat' dir='ltr'><strong>Cicerone</strong></span> <span class='ocrx_word' id='word_1_335' title='bbox 517 3504 624 3562; x_wconf 88' lang='lat' dir='ltr'><strong>intima</strong></span> <span class='ocrx_word' id='word_1_336' title='bbox 655 3504 831 3561; x_wconf 91' lang='lat' dir='ltr'><strong>coniunctus</strong></span> <span class='ocrx_word' id='word_1_337' title='bbox 855 3510 919 3561; x_wconf 88' lang='lat' dir='ltr'><strong>erat</strong></span> <span class='ocrx_word' id='word_1_338' title='bbox 941 3502 1074 3562; x_wconf 88' lang='lat' dir='ltr'><strong>amicitia</strong></span> <span class='ocrx_word' id='word_1_339' title='bbox 1106 3502 1200 3585; x_wconf 84' lang='lat' dir='ltr'><strong>(Plut.</strong></span> <span class='ocrx_word' id='word_1_340' title='bbox 1224 3502 1287 3568; x_wconf 90' lang='lat' dir='ltr'><strong>Cic.</strong></span> <span class='ocrx_word' id='word_1_341' title='bbox 1313 3501 1380 3589; x_wconf 81' lang='lat'><strong>20).</strong></span> <span class='ocrx_word' id='word_1_342' title='bbox 1425 3505 1534 3565; x_wconf 90' lang='lat' dir='ltr'><strong>aderat</strong></span> 
     </span>
     <span class='ocr_line' id='line_1_33' title="bbox 176 3606 1535 3691; baseline 0.002 -23"><span class='ocrx_word' id='word_1_343' title='bbox 176 3611 257 3669; x_wconf 86' lang='lat' dir='ltr'><strong>enirn</strong></span> <span class='ocrx_word' id='word_1_344' title='bbox 279 3606 420 3687; x_wconf 86' lang='lat' dir='ltr'><strong>Nigidius</strong></span> <span class='ocrx_word' id='word_1_345' title='bbox 443 3609 547 3668; x_wconf 87' lang='lat' dir='ltr'><strong>Tullio</strong></span> <span class='ocrx_word' id='word_1_346' title='bbox 571 3611 602 3668; x_wconf 92' lang='lat' dir='ltr'><strong>in</strong></span> <span class='ocrx_word' id='word_1_347' title='bbox 626 3608 825 3689; x_wconf 89' lang='lat' dir='ltr'><strong>opprimenda</strong></span> <span class='ocrx_word' id='word_1_348' title='bbox 848 3606 1000 3669; x_wconf 91' lang='lat' dir='ltr'><strong>Catilinae</strong></span> <span class='ocrx_word' id='word_1_349' title='bbox 1032 3610 1249 3686; x_wconf 89' lang='lat' dir='ltr'><strong>coniuratione,</strong></span> <span class='ocrx_word' id='word_1_350' title='bbox 1282 3613 1321 3671; x_wconf 84' lang='lat' dir='ltr'><strong>cf.</strong></span> <span class='ocrx_word' id='word_1_351' title='bbox 1353 3631 1408 3691; x_wconf 90' lang='lat' dir='ltr'><strong>pro</strong></span> <span class='ocrx_word' id='word_1_352' title='bbox 1443 3610 1535 3671; x_wconf 83' lang='lat' dir='ltr'><strong>Sulla</strong></span> 
     </span>
    </p>
   </div>
   <div class='ocr_carea' id='block_1_14' title="bbox 178 3712 1533 3797">
    <p class='ocr_par' dir='ltr' id='par_1_14' title="bbox 178 3712 1533 3797">
     <span class='ocr_line' id='line_1_34' title="bbox 178 3712 1533 3797; baseline 0.001 -23"><span class='ocrx_word' id='word_1_353' title='bbox 178 3718 228 3789; x_wconf 91' lang='lat'><strong>14,</strong></span> <span class='ocrx_word' id='word_1_354' title='bbox 252 3713 307 3788; x_wconf 75' lang='lat' dir='ltr'><strong>aa,</strong></span> <span class='ocrx_word' id='word_1_355' title='bbox 333 3712 371 3772; x_wconf 88' lang='lat' dir='ltr'><strong>ad</strong></span> <span class='ocrx_word' id='word_1_356' title='bbox 393 3714 464 3773; x_wconf 85' lang='lat' dir='ltr'><strong>fam.</strong></span> <span class='ocrx_word' id='word_1_357' title='bbox 488 3714 556 3773; x_wconf 94' lang='lat' dir='ltr'>IIII</span> <span class='ocrx_word' id='word_1_358' title='bbox 580 3717 630 3789; x_wconf 86' lang='lat'><strong>13,</strong></span> <span class='ocrx_word' id='word_1_359' title='bbox 655 3717 684 3773; x_wconf 79' lang='lat'><strong>2.</strong></span> <span class='ocrx_word' id='word_1_360' title='bbox 710 3734 800 3794; x_wconf 88' lang='lat' dir='ltr'><strong>quam</strong></span> <span class='ocrx_word' id='word_1_361' title='bbox 824 3713 862 3775; x_wconf 96' lang='lat' dir='ltr'><strong>ob</strong></span> <span class='ocrx_word' id='word_1_362' title='bbox 886 3735 948 3775; x_wconf 90' lang='lat' dir='ltr'><strong>rem</strong></span> <span class='ocrx_word' id='word_1_363' title='bbox 971 3736 1089 3797; x_wconf 91' lang='lat' dir='ltr'><strong>semper</strong></span> <span class='ocrx_word' id='word_1_364' title='bbox 1108 3715 1247 3776; x_wconf 90' lang='lat' dir='ltr'><strong>Ciceroni</strong></span> <span class='ocrx_word' id='word_1_365' title='bbox 1269 3718 1402 3776; x_wconf 87' lang='lat' dir='ltr'><strong>maxime</strong></span> <span class='ocrx_word' id='word_1_366' title='bbox 1425 3727 1533 3795; x_wconf 88' lang='lat' dir='ltr'><strong>gratus</strong></span> 
     </span>
    </p>
   </div>
   <div class='ocr_carea' id='block_1_15' title="bbox 177 3873 384 3882">
    <p class='ocr_par' dir='ltr' id='par_1_15' title="bbox 177 3873 384 3882">
     <span class='ocr_line' id='line_1_35' title="bbox 177 3873 384 3882; baseline -0.014 0"><span class='ocrx_word' id='word_1_367' title='bbox 177 3873 384 3882; x_wconf 78' lang='lat'><strong>———</strong></span> 
     </span>
    </p>
   </div>
   <div class='ocr_carea' id='block_1_16' title="bbox 175 3920 1536 4341">
    <p class='ocr_par' dir='ltr' id='par_1_16' title="bbox 176 3920 1536 4073">
     <span class='ocr_line' id='line_1_36' title="bbox 282 3920 1536 3992; baseline 0.002 -20"><span class='ocrx_word' id='word_1_368' title='bbox 282 3921 302 3992; x_wconf 82' lang='grc'><strong>1)</strong></span> <span class='ocrx_word' id='word_1_369' title='bbox 321 3922 362 3973; x_wconf 87' lang='lat' dir='ltr'><strong>Cf.</strong></span> <span class='ocrx_word' id='word_1_370' title='bbox 381 3922 461 3973; x_wconf 88' lang='lat' dir='ltr'><strong>Corn.</strong></span> <span class='ocrx_word' id='word_1_371' title='bbox 480 3922 546 3988; x_wconf 87' lang='lat' dir='ltr'><strong>Nep.</strong></span> <span class='ocrx_word' id='word_1_372' title='bbox 565 3924 622 3973; x_wconf 84' lang='lat' dir='ltr'><strong>rita</strong></span> <span class='ocrx_word' id='word_1_373' title='bbox 639 3920 695 3973; x_wconf 80' lang='lat' dir='ltr'><strong>Aa.</strong></span> <span class='ocrx_word' id='word_1_374' title='bbox 714 3925 761 3989; x_wconf 68' lang='grc'><strong>18,</strong></span> <span class='ocrx_word' id='word_1_375' title='bbox 792 3922 824 3974; x_wconf 84' lang='lat' dir='ltr'><strong>F.</strong></span> <span class='ocrx_word' id='word_1_376' title='bbox 853 3922 1000 3976; x_wconf 78' lang='lat' dir='ltr'><strong>Schneider</strong></span> <span class='ocrx_word' id='word_1_377' title='bbox 1026 3924 1077 3976; x_wconf 89' lang='lat' dir='ltr'><strong>‘De</strong></span> <span class='ocrx_word' id='word_1_378' title='bbox 1104 3924 1196 3976; x_wconf 87' lang='lat' dir='ltr'><strong>annali</strong></span> <span class='ocrx_word' id='word_1_379' title='bbox 1223 3926 1254 3978; x_wconf 90' lang='grc' dir='ltr'><strong>Τ.</strong></span> <span class='ocrx_word' id='word_1_380' title='bbox 1273 3924 1418 3992; x_wconf 87' lang='lat' dir='ltr'><strong>Pomponii</strong></span> <span class='ocrx_word' id='word_1_381' title='bbox 1435 3924 1536 3976; x_wconf 81' lang='lat' dir='ltr'><strong>Attici&#39;</strong></span> 
     </span>
     <span class='ocr_line' id='line_1_37' title="bbox 176 4010 542 4073; baseline -0.003 -10"><span class='ocrx_word' id='word_1_382' title='bbox 176 4014 204 4063; x_wconf 88' lang='lat' dir='ltr'><strong>Z.</strong></span> <span class='ocrx_word' id='word_1_383' title='bbox 224 4013 242 4063; x_wconf 86' lang='lat' dir='ltr'><strong>f.</strong></span> <span class='ocrx_word' id='word_1_384' title='bbox 261 4012 292 4062; x_wconf 75' lang='lat' dir='ltr'><strong>A.</strong></span> <span class='ocrx_word' id='word_1_385' title='bbox 312 4010 354 4061; x_wconf 91' lang='lat' dir='ltr'><strong>W.</strong></span> <span class='ocrx_word' id='word_1_386' title='bbox 375 4012 452 4073; x_wconf 88' lang='grc'><strong>1839,</strong></span> <span class='ocrx_word' id='word_1_387' title='bbox 471 4026 497 4061; x_wconf 92' lang='lat' dir='ltr'><strong>n.</strong></span> <span class='ocrx_word' id='word_1_388' title='bbox 516 4012 542 4062; x_wconf 84' lang='lat' dir='ltr'><strong>b.</strong></span> 
     </span>
    </p>

    <p class='ocr_par' dir='ltr' id='par_1_17' title="bbox 175 4097 1533 4341">
     <span class='ocr_line' id='line_1_38' title="bbox 279 4097 1528 4169; baseline 0.005 -20"><span class='ocrx_word' id='word_1_389' title='bbox 279 4097 300 4163; x_wconf 89' lang='lat'><strong>²)</strong></span> <span class='ocrx_word' id='word_1_390' title='bbox 320 4097 360 4149; x_wconf 86' lang='lat' dir='ltr'><strong>Cf.</strong></span> <span class='ocrx_word' id='word_1_391' title='bbox 378 4097 453 4148; x_wconf 87' lang='lat' dir='ltr'><strong>illam</strong></span> <span class='ocrx_word' id='word_1_392' title='bbox 472 4098 506 4148; x_wconf 90' lang='lat' dir='ltr'><strong>de</strong></span> <span class='ocrx_word' id='word_1_393' title='bbox 524 4097 669 4150; x_wconf 88' lang='lat' dir='ltr'><strong>Coriolano</strong></span> <span class='ocrx_word' id='word_1_394' title='bbox 688 4103 906 4167; x_wconf 85' lang='lat' dir='ltr'><strong>controversiam,</strong></span> <span class='ocrx_word' id='word_1_395' title='bbox 926 4117 996 4169; x_wconf 85' lang='lat' dir='ltr'><strong>quse</strong></span> <span class='ocrx_word' id='word_1_396' title='bbox 1015 4108 1074 4155; x_wconf 87' lang='lat' dir='ltr'><strong>crat</strong></span> <span class='ocrx_word' id='word_1_397' title='bbox 1091 4106 1161 4155; x_wconf 87' lang='lat' dir='ltr'><strong>inter</strong></span> <span class='ocrx_word' id='word_1_398' title='bbox 1179 4104 1297 4156; x_wconf 79' lang='lat' dir='ltr'><strong>Atticum</strong></span> <span class='ocrx_word' id='word_1_399' title='bbox 1318 4112 1345 4157; x_wconf 88' lang='lat' dir='ltr'><strong>et</strong></span> <span class='ocrx_word' id='word_1_400' title='bbox 1363 4106 1528 4157; x_wconf 84' lang='lat' dir='ltr'><strong>Ciceronem</strong></span> 
     </span>
     <span class='ocr_line' id='line_1_39' title="bbox 176 4185 1533 4256; baseline 0.007 -19"><span class='ocrx_word' id='word_1_401' title='bbox 176 4189 251 4238; x_wconf 91' lang='lat' dir='ltr'><strong>Brut.</strong></span> <span class='ocrx_word' id='word_1_402' title='bbox 271 4190 313 4250; x_wconf 88' lang='lat'><strong>10,</strong></span> <span class='ocrx_word' id='word_1_403' title='bbox 340 4188 374 4235; x_wconf 84' lang='grc'><strong>42</strong></span> <span class='ocrx_word' id='word_1_404' title='bbox 393 4202 458 4252; x_wconf 72' lang='lat' dir='ltr'><strong>sqq,</strong></span> <span class='ocrx_word' id='word_1_405' title='bbox 488 4185 635 4238; x_wconf 82' lang='lat' dir='ltr'><strong>Schneider</strong></span> <span class='ocrx_word' id='word_1_406' title='bbox 651 4186 669 4238; x_wconf 98' lang='lat' dir='ltr'><strong>l.</strong></span> <span class='ocrx_word' id='word_1_407' title='bbox 688 4205 711 4239; x_wconf 85' lang='lat' dir='ltr'><strong>c.</strong></span> <span class='ocrx_word' id='word_1_408' title='bbox 730 4206 758 4256; x_wconf 88' lang='lat' dir='ltr'><strong>p.</strong></span> <span class='ocrx_word' id='word_1_409' title='bbox 778 4193 819 4254; x_wconf 86' lang='grc'><strong>37,</strong></span> <span class='ocrx_word' id='word_1_410' title='bbox 847 4192 932 4243; x_wconf 87' lang='lat' dir='ltr'><strong>Berns</strong></span> <span class='ocrx_word' id='word_1_411' title='bbox 951 4190 1048 4242; x_wconf 84' lang='lat' dir='ltr'><strong>‘Ueber</strong></span> <span class='ocrx_word' id='word_1_412' title='bbox 1067 4192 1183 4244; x_wconf 90' lang='lat' dir='ltr'><strong>Cicero&#39;s</strong></span> <span class='ocrx_word' id='word_1_413' title='bbox 1203 4194 1315 4246; x_wconf 81' lang='lat' dir='ltr'><strong>Ansicht</strong></span> <span class='ocrx_word' id='word_1_414' title='bbox 1332 4212 1386 4246; x_wconf 85' lang='lat' dir='ltr'><strong>von</strong></span> <span class='ocrx_word' id='word_1_415' title='bbox 1405 4197 1453 4246; x_wconf 87' lang='lat' dir='ltr'><strong>dor</strong></span> <span class='ocrx_word' id='word_1_416' title='bbox 1474 4194 1533 4246; x_wconf 83' lang='lat' dir='ltr'><strong>Ge-</strong></span> 
     </span>
     <span class='ocr_line' id='line_1_40' title="bbox 175 4274 1497 4341; baseline 0.005 -16"><span class='ocrx_word' id='word_1_417' title='bbox 175 4274 313 4337; x_wconf 86' lang='lat' dir='ltr'><strong>schicbte&#39;,</strong></span> <span class='ocrx_word' id='word_1_418' title='bbox 331 4274 482 4326; x_wconf 79' lang='lat' dir='ltr'><strong>Attendorn</strong></span> <span class='ocrx_word' id='word_1_419' title='bbox 501 4276 578 4338; x_wconf 89' lang='grc'><strong>1880,</strong></span> <span class='ocrx_word' id='word_1_420' title='bbox 596 4292 622 4341; x_wconf 88' lang='lat' dir='ltr'><strong>p.</strong></span> <span class='ocrx_word' id='word_1_421' title='bbox 643 4278 683 4327; x_wconf 81' lang='lat' dir='ltr'><strong>lb.</strong></span> <span class='ocrx_word' id='word_1_422' title='bbox 1490 4285 1497 4301; x_wconf 86' lang='lat'><strong>¹</strong></span> 
     </span>
    </p>
   </div>
   <div class='ocr_carea' id='block_1_17' title="bbox 175 4360 1533 4502">
    <p class='ocr_par' dir='ltr' id='par_1_18' title="bbox 175 4360 1533 4502">
     <span class='ocr_line' id='line_1_41' title="bbox 279 4360 1533 4437; baseline 0.01 -26"><span class='ocrx_word' id='word_1_423' title='bbox 279 4360 300 4426; x_wconf 85' lang='lat'><strong>³)</strong></span> <span class='ocrx_word' id='word_1_424' title='bbox 319 4360 361 4411; x_wconf 86' lang='lat' dir='ltr'><strong>Cf.</strong></span> <span class='ocrx_word' id='word_1_425' title='bbox 380 4362 566 4426; x_wconf 81' lang='lat' dir='ltr'><strong>Gett11119,</strong></span> <span class='ocrx_word' id='word_1_426' title='bbox 585 4363 670 4425; x_wconf 83' lang='lat' dir='ltr'><strong>1;u.</strong></span> <span class='ocrx_word' id='word_1_427' title='bbox 690 4365 844 4416; x_wconf 87' lang='lat' dir='ltr'><strong>Herta‘De</strong></span> <span class='ocrx_word' id='word_1_428' title='bbox 863 4368 892 4419; x_wconf 95' lang='lat' dir='ltr'><strong>P.</strong></span> <span class='ocrx_word' id='word_1_429' title='bbox 911 4368 1013 4434; x_wconf 84' lang='lat' dir='ltr'><strong>Nigidii</strong></span> <span class='ocrx_word' id='word_1_430' title='bbox 1032 4366 1122 4433; x_wconf 81' lang='lat' dir='ltr'><strong>Figuli</strong></span> <span class='ocrx_word' id='word_1_431' title='bbox 1150 4370 1246 4419; x_wconf 89' lang='lat' dir='ltr'><strong>studiis</strong></span> <span class='ocrx_word' id='word_1_432' title='bbox 1273 4375 1354 4436; x_wconf 90' lang='lat' dir='ltr'><strong>atque</strong></span> <span class='ocrx_word' id='word_1_433' title='bbox 1382 4372 1533 4437; x_wconf 86' lang='lat' dir='ltr'><strong>operibus’,</strong></span> 
     </span>
     <span class='ocr_line' id='line_1_42' title="bbox 175 4447 361 4502; baseline 0.022 -4"><span class='ocrx_word' id='word_1_434' title='bbox 175 4447 264 4500; x_wconf 91' lang='lat' dir='ltr'><strong>Berol.</strong></span> <span class='ocrx_word' id='word_1_435' title='bbox 284 4450 361 4502; x_wconf 75' lang='lat'><strong>1845.</strong></span> 
     </span>
    </p>
   </div>
   <div class='ocr_carea' id='block_1_18' title="bbox 0 0 1660 5059">
    <p class='ocr_par' dir='ltr' id='par_1_19' title="bbox 0 0 1660 5059">
     <span class='ocr_line' id='line_1_43' title="bbox 0 0 1660 5059; baseline 0 0"><span class='ocrx_word' id='word_1_436' title='bbox 0 0 1660 5059; x_wconf 95' lang='lat' dir='ltr'><strong> </strong></span> 
     </span>
    </p>
   </div>
  </div>
 </body>
</html>
