3300 5059
169 221 232 279 160

254 405 359 471 Dind.:
392 404 525 488 ,νεαρὸς
552 411 603 463 ant
626 422 664 463 cx
686 403 866 481 glossemate
888 400 1014 460 inlatum
1037 408 1089 459 ant
1111 400 1226 460 librarii
1249 420 1349 459 erroro
1374 419 1411 459 ex
1432 420 1514 473 vora,

168 535 257 594 quam
287 511 411 585 restitui,
444 510 590 589 scriptura
622 507 697 571 οὐθ’
721 506 801 590 ἀβός
830 506 1026 587 depravatum
1049 514 1094 565 ost
1117 506 1229 565 violato
1253 507 1365 565 metro!
1403 506 1517 565 Ritschl

167 619 259 680 suasit
280 617 318 679 τὸ
340 616 400 698 μέν
427 635 476 689 τις
500 612 637 694 ἀκμαῖος
656 615 731 675 οὔτε
750 612 867 711 γηράς,
885 610 1053 671 Buecheler
1076 613 1143 673 οὔτ’
1158 609 1291 694 ἔνεδρος
1312 612 1386 673 οάιε
1408 610 1514 693 χώρας

168 721 344 805 ἐμβαίνων,
373 717 530 779 (ileditsch
557 717 595 779 ιὸ
618 717 646 779 δ’
663 719 737 780 οὔτε
759 738 808 790 ιις
829 716 964 798 νέωρος,
992 714 1096 795 Bergk
1118 716 1156 778 τὸ
1178 714 1239 796 μέν
1259 737 1308 789 ιις
1333 715 1403 777 οὔτ’
1427 711 1523 797 ἔαρος
1632 753 1634 757 ,

168 829 242 889 οὔτε
264 825 357 909 γήρᾳ.

255 930 337 989 Phil.
362 930 424 989 686
436 957 478 981 =
489 931 567 989 701:

121 1106 125 1115 ⁸
213 1044 264 1097 str.
289 1035 407 1097 o'riivii'
432 1031 486 1096 ὧδ’
511 1029 658 1107 ἀναξίως.
738 1062 763 1091 L
783 1071 800 1091 υ
821 1084 841 1091 -
859 1072 875 1091 ι
892 1061 904 1088 ,ν
926 1071 980 1092 o-

202 1147 263 1199 ant.
287 1136 377 1221 είριιε
398 1137 461 1221 ysico
484 1139 589 1199 ἄλλοτ’
612 1138 700 1218 ἀλλα.
742 1167 768 1197 L
780 1176 810 1197 w
823 1190 849 1198 -
861 1175 877 1195 s
893 1170 940 1195 1¹-
957 1188 981 1196 L

256 1242 347 1301 Dind.
365 1261 403 1302 ex
419 1241 565 1301 Erfurdtii
588 1240 758 1301 coniectura
782 1240 913 1303 o'oia'xcii’
930 1238 985 1301 ὧδ’
1002 1238 1123 1319 ἀτίμως
1145 1258 1246 1297 rursus
1263 1238 1346 1296 olens
1363 1237 1520 1317 glossema,
1641 1251 1644 1296 :

173 1348 275 1425 Bergk
312 1348 422 1411 ὧλλοι
446 1343 547 1422 ἀνάξι’
576 1343 650 1423 ὦδε,
682 1345 825 1405 Linwood
859 1344 1026 1422 ἀνοίκτως,
1063 1342 1219 1403 Gleditsch
1251 1351 1364 1401 temere
1396 1342 1523 1401 coniecit

170 1452 334 1515 ἀπώίίοθ’
358 1449 413 1512 ὧδ’
435 1446 582 1525 ἀναξίως.
615 1451 744 1532 θάμβος
770 1452 800 1531 μ’
827 1449 890 1532 ἔχει
914 1445 1007 1530 (ned
1033 1447 1082 1509 ἀν.
1106 1447 1181 1510 τόδε
1202 1449 1303 1527 θαῦμ’
1330 1445 1392 1528 ἔχει
1415 1444 1466 1581 με)
1493 1453 1524 1503 st

171 1555 294 1637 ἀιεϊριιε
316 1555 344 1617 δ’
361 1556 464 1619 ἄλλοτ’
481 1556 561 1615 ἀλλα
582 1559 642 1635 γᾶς
664 1553 860 1636 εἱλούμενος

258 1659 579 1721 Ai.1190=-1197:
664 1708 666 1714 ,

214 1774 265 1826 str.
289 1764 352 1827 ἀνά
373 1764 434 1826 τάν
457 1763 586 1847 εὐρώάη
615 1764 737 1847 Τροίαν
792 1793 862 1823 wL
877 1794 1082 1823 .....

203 1879 262 1930 ant.
287 1868 326 1931 ίὼ
346 1869 443 1931 πόνοι
466 1869 625 1951 πρόγονοι
647 1869 770 1930 πόνων.
801 1908 817 1927 ι
834 1899 857 1925 L
877 1907 893 1927 o
912 1906 979 1927 ,w
1002 1897 1008 1913 ι
1029 1906 1081 1927 c-

257 1972 350 2034 Diod.
363 1982 392 2031 et
409 1974 439 2030 in
456 1982 505 2031 str.
519 1981 548 2030 et
562 1973 593 2030 in
609 1980 668 2035 ant.
679 1973 847 2030 immutavit
857 1972 1044 2050 scripturam,
1055 1970 1119 2028 illio
1131 1968 1179 2031 ἀν’
1191 1967 1318 2051 εὐρώὸη
1330 1968 1463 2050 Τροίαν,
1475 1968 1524 2025 hic

173 2077 210 2139 ἰὼ
236 2078 333 2140 πόνοι
355 2077 518 2160 πρόαονοι
535 2076 701 2137 scribendo.
718 2075 839 2136 Abrons
860 2078 978 2157 scripsit
1000 2076 1041 2138 ἀν
1060 2074 1121 2138 τάν
1141 2073 1285 2158 εὐρώδεα
1301 2071 1364 2157 (ἀν’
1381 2073 1524 2157 ἀερώὸεα

174 2181 210 2241 G.
220 2178 326 2261 Wolff)
340 2181 480 2264 Τρωΐαν,
491 2180 625 2261 Blaydos
640 2180 703 2242 ἀνὰ
718 2181 810 2261 χθόν’
821 2180 959 2264 εὐρυεδῆ
971 2182 1100 2263 Τροίας,
1119 2180 1278 2239 Wecklein
1295 2177 1343 2240 ἀν’
1358 2178 1524 2260 ἀνεμώδεα

178 2285 317 2366 Τρωίαν.
346 2285 419 2344 mihi
448 2284 592 2369 εὐρώὃης
615 2296 696 2344 rocta
720 2306 752 2344 se
775 2285 887 2344 habore
908 2285 1040 2359 videtur3
1066 2282 1263 2344 derivandum
1287 2284 1368 2342 enim
1391 2292 1435 2342 est
1459 2305 1524 2342 cum
1637 2311 1641 2324 ·

173 2388 325 2453 Loheckio
358 2390 395 2448 ab
427 2388 535 2472 εὐρύς,
569 2398 601 2447 ut
632 2410 670 2449 ex
700 2390 821 2473 βραχύς
852 2398 884 2447 ot
914 2390 1034 2472 τραχύς
1069 2390 1149 2447 iacta
1184 2401 1255 2449 sunt
1294 2387 1463 2470 βραχώὸης
1496 2397 1524 2446 et

172 2493 345 2576 τραχώὸης.
368 2493 570 2573 longitudines
593 2495 625 2553 in
648 2494 771 2575 stropha
796 2502 989 2554 coacervatae
1012 2492 1117 2553 dubios
1133 2514 1187 2553 nos
1202 2493 1316 2553 iaciunt
1332 2493 1370 2552 de
1384 2494 1524 2553 trisomao

174 2599 258 2658 sede:
274 2598 370 2678 possis
387 2599 466 2656 enim
482 2598 576 2657 tribus
591 2598 687 2657 modis
703 2608 818 2672 notare,
841 2608 980 2679 utsupra
996 2597 1137 2669 indicavi,
1155 2598 1264 2657 deinde
1278 2628 1381 2659 ους-
1421 2628 1522 2674 L-..‚

174 2704 304 2782 donique
327 2734 612 2765 uuss-Lss--.
645 2724 748 2763 vorum
781 2706 879 2784 prima
910 2724 1049 2763 mensura
1080 2712 1204 2783 propter
1235 2703 1312 2763 ictus
1345 2704 1462 2763 metrici
1494 2712 1525 2761 et

178 2808 339 2867 verborum
363 2817 503 2868 accentus
527 2810 751 2887 congruentiam
773 2810 838 2891 veri
860 2809 1013 2867 simillima
1036 2817 1088 2868 oet.

264 2910 300 2975 Ο.
325 2914 361 2973 R.
388 2915 632 2972 1207=1216:

218 3027 268 3077 str.
293 3016 331 3079 ίὼ
354 3017 483 3097 κλεινὸν
510 3017 650 3081 Οἰδίπου
672 3019 755 3102 κάρα
794 3048 1059 3079 uuLoLoLc
1078 3071 1097 3077 -

207 3133 267 3183 ant.
293 3122 332 3185 ίὼ
356 3123 492 3185 Λαΐειον
514 3123 638 3185 τέκνον.
798 3158 821 3183 ο
838 3155 862 3182 u
877 3153 903 3183 L
916 3163 930 3182 s
945 3156 989 3182 ι-
1012 3153 1025 3181 ]
1046 3162 1062 3182 s
1081 3176 1097 3181 -

261 3226 368 3285 Dion:
403 3228 503 3298 ,metri
535 3226 684 3286 deiectum
717 3228 820 3305 expiet
854 3226 953 3285 Botbii
984 3228 1153 3285 coniectura
1185 3228 1334 3307 Λαῑήιον,
1367 3226 1404 3285 ai
1437 3247 1526 3305 quam

174 3334 299 3390 sormam
331 3350 390 3387 non
424 3338 468 3388 est
497 3332 561 3388 veri
589 3332 684 3389 simile
708 3330 888 3410 Sophoclem
911 3331 1089 3409 confugisse.
1122 3330 1246 3399 Erfurdt
1269 3331 1319 3408 ίώ,
1342 3326 1525 3393 Λαίειονῶ

176 3435 291 3495 ιείινον
306 3434 472 3513 scripserat.
491 3434 581 3492 aliam
598 3436 797 3494 coniecturam
812 3434 998 3515 periclitatus
1015 3443 1059 3494 est
1067 3434 1274 3494 Schneidewin
1286 3435 1336 3513 ίώ,
1349 3434 1527 3517 Λαϊαγενὲς

177 3537 312 3599 τέκνον.’
337 3540 472 3598 conferas
495 3538 587 3598 velim
611 3537 647 3598 Ο.
659 3541 695 3600 R.
720 3542 792 3599 451.
817 3538 949 3598 Meklcr:
975 3560 1026 3612 ,an
1051 3539 1186 3602 Λαΐειον
1209 3539 1379 3622 ἔκμονονῗ*

265 3639 301 3701 Ο.
327 3641 360 3701 Ο.
387 3646 631 3704 1078=1089:

220 3754 269 3809 str.
294 3745 467 3830 εὑ-ρουσάν
488 3747 570 3831 πρὸς
593 3747 811 3830 αὐθομαίμων
833 3749 924 3830 πάθη
953 3802 979 3809 L
993 3779 1018 3808 L
1031 3782 1253 3809 LLLLLLL

210 3859 269 3910 ant.
295 3853 448 3934 εὔ-αμρον
469 3855 634 3915 τελειῶσαι
655 3854 762 3931 λόχον.

177 3976 279 4015 omnes
303 3977 370 4015 curn
392 3958 500 4016 Bothio
524 3956 699 4038 αὐθαίμων
722 3958 890 4016 ediderunt.

264 4059 300 4121 Ο.
326 4061 359 4121 0.
386 4063 630 4121 1733=1746:

220 4172 270 4224 str.
294 4167 351 4247 ἀμε
373 4186 423 4246 με,
445 4165 500 4226 καί
521 4165 584 4228 τότ’
609 4162 766 4249 ἐνάριξον.
854 4181 898 4227 ιω
913 4201 959 4226 ι-
975 4182 1019 4227 es
1035 4221 1059 4227 L
1073 4209 1088 4227 o

209 4276 268 4328 ant,
292 4268 360 4349 μέγ’
377 4269 440 4351 ἀρα
462 4269 600 4350 πέλανος
622 4267 772 4352 ἐλαχέτην
794 4292 833 4332 ιι.
854 4286 898 4331 o„
918 4286 1019 4330 aas„
1036 4325 1053 4332 -
1069 4310 1085 4331 o

178 4396 280 4435 omncs
312 4396 377 4435 cum
400 4376 545 4436 Elmsicio
573 4372 763 4458 ἐπενάριξον
795 4378 963 4448 ediderunt,
997 4377 1076 4456 quod
1099 4376 1224 4435 verbum
1257 4377 1330 4436 aiibi
1362 4398 1422 4436 non
1454 4378 1524 4455 legi,

179 4479 229 4539 sed
254 4481 323 4537 satis
346 4480 377 4538 id
396 4479 518 4539 defendi
541 4480 631 4539 simiii
646 4480 738 4539 verbo
755 4480 951 4564 ἐπισφάζειν,
975 4502 1033 4561 quo
1056 4482 1175 4561 saepius
1199 4503 1269 4542 usus
1293 4490 1338 4542 est
1352 4480 1524 4560 Euripides,
