3300 5059
312 416 464 485 ‘pdstqnam
484 419 533 470 abs
552 423 586 484 11,
604 418 784 485 ‘Agamemno
803 417 834 469 rit
852 422 980 485 uenirem,
999 420 1087 489 tetigit
1105 438 1184 477 aures
1203 422 1311 476 mintius

314 504 456 573 dxternplo'
474 506 538 575 fiac.
556 507 609 558 inc.
627 506 645 558 f.
666 505 709 574 11)

130 630 183 717 (cf.
206 636 278 698 Eur.
304 630 392 716 633).
426 633 529 694 scribit
556 633 637 694 enim
659 631 765 695 Cicero
789 633 828 693 ad
853 634 1097 711 1111111147,
1122 641 1138 698 1
1164 637 1329 699 denuntio
1353 638 1391 699 ab
1420 638 1477 698 illo

127 737 185 798 sibi
199 741 288 801 misso
304 748 335 800 ct
355 738 444 800 rebus
467 740 532 800 eius
554 740 759 805 iussnstatim
774 741 931 801 confectis:
955 745 1125 822 ‘postquam
1148 742 1251 804 abste
1270 744 1480 825 Agamemno',

127 864 188 904 non
211 850 255 906 ‘ut
275 841 430 918 venirem',
453 879 494 889 —
518 865 588 906 nam
610 844 641 904 id
664 864 785 926 quoquc
800 846 948 922 fecissem,
972 848 1030 907 nisi
1048 846 1221 928 Torquatus
1237 857 1316 909 esset
1337 882 1390 923 -,
1413 847 1477 922 sed,

127 959 160 1009 ut
183 949 354 1025 scriberem,
380 952 488 1030 ‘tetigit
510 970 598 1010 aures
621 951 753 1024 nuntius,
788 950 953 1031 extemplo’
976 953 1130 1011 instituta.
1147 954 1243 1027 omisI,
1277 973 1414 1034 eaquae
1446 954 1477 1013 in

127 1054 265 1116 manibus
288 1055 437 1116 habebam
461 1055 568 1133 abieci,
592 1054 674 1136 qnod
696 1056 828 1117 iusseras
852 1054 996 1117 odoravi!
1025 1057 1116 1120 Taso.
1150 1058 1199 1117 III
1223 1060 1273 1131 34,
1306 1060 1347 1118 57
1376 1067 1477 1117 antem

125 1170 226 1222 utrum
249 1160 354 1222 Cicero
370 1162 463 1221 llnnii
487 1158 536 1245 (fr.
556 1158 590 1242 2)
614 1181 652 1220 an
668 1160 824 1240 EuripidIs
847 1160 942 1241 ipsius
958 1160 1054 1221 verba
1077 1157 1202 1241 (vv.'16
1220 1160 1302 1244 sqq.)
1327 1164 1357 1221 in
1375 1172 1476 1222 mente

126 1266 274 1341 habuerit,
298 1266 455 1327 diiudicari
476 1267 590 1348 nequit.
614 1264 746 1345 denique
769 1264 807 1325 de
830 1264 891 1325 div.
915 1265 947 1324 II
971 1268 1021 1341 26,
1047 1267 1088 1327 57
1112 1264 1185 1351 (inc.
1207 1269 1228 1327 f.
1254 1268 1477 1340 22)11”1’1111.

125 1372 176 1432 HI
198 1377 228 1446 3,
254 1373 272 1432 5
306 1368 380 1455 (inc.
402 1372 425 1434 f.
450 1374 502 1444 24)
531 1372 583 1450 qui
606 1370 851 1431 citantur-Ennii
878 1392 983 1431 versus
1010 1391 1049 1431 ex
1070 1372 1127 1432 bac
1149 1380 1219 1433 sunt
1246 1372 1349 1432 fabula
1376 1372 1476 1453 petiti,

128 1479 154 1537 si
177 1476 299 1557 quidem
323 1497 389 1536 cum
404 1475 582 1536 Ribbeckior
597 1477 672 1537 facis
694 1496 799 1536 versus
821 1475 890 1536 illos
914 1475 985 1541 huic
1008 1476 1128 1537 fabulae
1150 1477 1307 1557 tribuenti3
1332 1478 1478 1541 11111111

126 1582 217 1645 Tuae.
240 1582 258 1641 I
279 1584 332 1655 49,
359 1583 429 1641 116.

229 1686 295 1745 Iam
317 1705 390 1745 vero
409 1693 529 1745 transeo
552 1683 591 1744 ad
607 1683 866 1744 Alexandrum
884 1681 1000 1769 (Ribb,
1025 1685 1118 1765 Trag.
1134 1686 1221 1746 Rom.
1239 1687 1274 1751 11,
1291 1707 1321 1766 p.
1340 1688 1379 1748 19
1398 1707 1476 1767 sqq„

125 1793 231 1852 Roem.
242 1792 335 1869 Treg.
346 1812 376 1871 p.
389 1792 427 1849 81
441 1795 508 1869 sq.),
534 1810 612 1869 quae
626 1809 681 1870 per
698 1790 806 1869 ipsum,
831 1788 911 1869 qnod
927 1790 955 1849 ei
971 1788 1102 1870 suberat,
1127 1800 1337 1869 argumentum
1353 1787 1476 1874 (dequo

126 1897 166 1955 cf.
176 1897 293 1976 Hygin.
306 1894 359 1975 91)
371 1914 511 1974 magnam
527 1894 669 1954 habuisse
685 1894 805 1953 videtur
820 1915 997 1955 scaenarum
1008 1896 1196 1969 varietatem,
1215 1894 1323 1975 quibus
1339 1904 1474 1975 spectan-

126 2002 201 2061 tium
219 2001 312 2061 animi
328 1999 378 2062 vel
394 1999 525 2059 maxime
540 1997 816 2060 commovebantur.
841 1999 1018 2059 Ciceronem
1033 2008 1132 2059 antem
1147 1999 1226 2059 hanc
1241 1999 1374 2059 fabulam
1390 2020 1475 2081 prae·

126 2109 214 2188 cipue
237 2105 394 2167 adamasse
417 2113 448 2165 et
470 2125 597 2184 magnus
618 2124 760 2164 versuum
791 2124 932 2166 numerus
955 2103 1077 2178 indicat,
1111 2125 1185 2184 quos
1208 2125 1247 2165 ex
1270 2125 1306 2166 ea
1328 2106 1358 2165 in
1382 2104 1476 2166 libros

125 2232 196 2272 suos
219 2212 351 2290 ingessit,
385 2219 415 2270 et
442 2209 543 2269 verba
566 2208 780 2281 demonstrant,
820 2228 859 2268 ex
890 2207 1009 2289 quibus,
1044 2217 1157 2289 quanta
1189 2209 1278 2269 buius
1301 2209 1476 2289 tragoediae

125 2316 324 2376 admiratione
347 2315 452 2375 Oic‘ero
486 2315 577 2374 fuerit
603 2312 744 2387 imbutus,
777 2314 968 2393 perspicitur.
1003 2298 1195 2394 namque-dc
1218 2313 1280 2373 div.
1305 2314 1396 2388 121,
1421 2318 1472 2390 42,

124 2443 184 2503 qno
217 2421 283 2481 loco
316 2419 354 2479 de
387 2418 642 2501 praedictionibus
673 2438 728 2498 per
761 2420 878 2477 somnia
910 2416 999 2477 editis
1040 2416 1183 2498 disputat,
1217 2420 1364 2479 somnium
1399 2417 1474 2478 illud

124 2526 270 2587 Hecubae
292 2524 487 2605 praegnantis
510 2524 600 2583 refert
622 2524 719 2583 facem
741 2541 807 2581 eam
830 2523 985 2602 peperisse
1008 2520 1178 2597 ardentem,
1202 2530 1266 2583 tum
1288 2524 1475 2584 coniectores

124 2634 301 2713 imperasse,
323 2639 365 2705 ut,
391 2629 537 2710 quidquid
561 2648 598 2687 ea
619 2628 795 2708 peperisset,
818 2635 984 2701 necaretur,
1022 2625 1114 2687 naid
1138 2628 1257 2707 patriae
1279 2629 1358 2687 foret
1382 2628 1476 2687 exitio

124 2735 197 2819 (inc.
220 2737 280 2795 inc.
304 2736 325 2795 f.
352 2736 370 2793 5
395 2734 501 2794 ‘mater
527 2733 684 2812 grauida.
709 2780 715 2794 .
739 2729 921 2815 Pergamo’).
955 2751 1034 2813 quae
1065 2731 1160 2793 verba
1185 2731 1324 2792 Ribbeck
1347 2730 1475 2792 Cassan·

124 2840 197 2899 drae
218 2841 270 2900 rel
291 2839 406 2899 Veneri
436 2836 551 2913 tribuit,
584 2857 711 2918 quarum
744 2837 842 2897 altera
872 2844 942 2897 utra
963 2837 1038 2897 haec
1059 2837 1177 2917 prologi
1200 2837 1267 2897 vice
1292 2840 1473 2917 exposuerit.

124 2955 216 3025 atque
248 2944 359 3005 ibidem
384 2946 435 3018 31,
461 2944 501 3004 66
533 2941 639 3003 Cicero
671 2951 766 3002 toturn
796 2943 861 3002 fere
894 2944 1032 3002 exaravit
1062 2944 1171 3017 locum,
1209 2962 1268 3023 quo
1293 2940 1472 3017 Cassandra,

123 3070 190 3109 cum
213 3050 299 3110 Paris
322 3069 341 3109 a
363 3058 457 3109 matre
480 3057 559 3108 esset
582 3048 711 3125 agnitus,
740 3047 835 3106 oculis
859 3046 1032 3106 ardentibus
1056 3048 1215 3129 passisque
1238 3046 1369 3109 crinibus
1394 3046 1474 3127 quod

122 3156 187 3215 sola
209 3163 368 3234 parentum
390 3153 500 3234 gaudio
523 3152 622 3213 obstet
643 3152 845 3230 conqueritur.
879 3150 953 3211 haec
987 3153 1067 3211 enim
1089 3152 1219 3230 legimus
1249 3150 1329 3231 apud
1353 3149 1471 3211 Cicero·

121 3280 205 3319 uem:
230 3264 280 3319 ‘ea'
299 3254 503 3344 (praesagitio)
528 3259 552 3316 si
581 3258 692 3317 exarsit
708 3257 814 3332 acrius,
838 3258 920 3316 furor
943 3256 1121 3337 appellatur,
1139 3277 1206 3316 cum
1229 3277 1246 3315 a
1270 3276 1393 3336 corpore
1409 3258 1471 3316 ani·

121 3385 187 3424 mus
210 3364 375 3424 abstractus
397 3364 499 3423 divino
521 3364 665 3422 instinctu
687 3362 863 3423 concitatur.

221 3483 310 3550 (Hac.)
328 3481 376 3535 sed
394 3482 458 3548 qnid
476 3483 560 3533 oculis
578 3480 673 3533 rdbere
692 3484 754 3533 uisa
772 3498 802 3533 es
820 3480 964 3548 derepente
984 3480 1160 3532 ardentibus?

328 3569 376 3621 tbi
393 3569 440 3620 illa
458 3568 526 3637 [tua]
544 3572 625 3637 paulo
656 3569 717 3621 Inte
736 3572 844 3635 sapiens
863 3568 995 3636 uirginali’
1013 3568 1162 3621 modestia?

211 3654 310 3727 (0111.)
331 3653 423 3720 miter,
443 3654 611 3723 optumarum
629 3658 714 3708 multo
734 3655 830 3708 miilier
847 3657 940 3707 melior
958 3654 1108 3720 mulierum,

328 3743 409 3796 missa
426 3760 485 3795 sum
504 3743 697 3810 snpdrstitiosis
716 3742 935 3795 driolatidnibus:

328 3830 447 3897 namque
464 3832 561 3898 Apollo
580 3830 642 3882 tritis
659 3832 748 3883 landis
766 3831 916 3884 dementem
935 3829 1047 3883 inultdm
1066 3833 1125 3883 ciet.

328 3917 447 3986 uirgines
466 3916 588 3985 aequatis
606 3936 710 3982 uereor,
727 3916 811 3986 patris
831 3921 883 3969 mei
903 3936 990 3969 meum
1009 3917 1109 3969 sactum
1128 3919 1211 3985 pudet

328 4008 429 4074 ‹iptumi
447 4005 507 4059 uiri.
526 4023 586 4059 mea
604 4014 696 4070 mater,
714 4006 754 4057 tnr'
772 4022 814 4057 me
833 4008 950 4070 miseret,
968 4005 1022 4057 mei
1040 4009 1127 4073 piget:

331 4095 466 4161 dptumam
485 4093 639 4161 prdgeniem
658 4094 762 4145 Priamo
782 4093 908 4161 peperisti
927 4099 1002 4145 extra
1020 4109 1074 4144 me:
1093 4093 1144 4145 hdc
1162 4093 1247 4145 dolet:

329 4181 390 4233 mdn
408 4184 510 4247 obesse,
529 4181 590 4233 illds
608 4181 742 4248 prodesse,
762 4198 804 4233 me
822 4180 937 4246 dbstare,
955 4182 1017 4243 illos
1036 4181 1169 4247 dbsequil'

120 4328 236 4370 summo
258 4308 349 4387 igitur
372 4327 404 4368 se
428 4306 576 4366 adflictam
600 4305 672 4366 dicit
694 4306 810 4387 dolore,
836 4308 915 4387 quod
939 4307 1085 4368 malornm
1109 4307 1216 4367 seriem
1232 4307 1362 4365 futuram
1384 4325 1471 4387 prae·

120 4414 242 4495 ragiens
275 4413 407 4472 omnium
439 4412 554 4471 minuat
585 4411 740 4485 laetitiam,
774 4432 853 4492 quac
885 4421 990 4473 exorta
1023 4419 1068 4471 est
1097 4412 1129 4471 in
1156 4412 1262 4491 primis
1291 4411 1467 4492 parentibus

118 4517 230 4579 Paride
252 4518 314 4578 filio
329 4518 464 4580 invento.
489 4513 580 4598 atque
595 4516 751 4578 excellunt
766 4516 842 4577 haec
857 4516 952 4578 verba
967 4536 1084 4578 summa
1098 4515 1467 4597 pulchritudincpoetica,
