3300 5059
501 1285 715 1388 carun
760 1252 1109 1388 urrunnu*

664 1467 718 1550 De
745 1468 927 1552 caesuris.-

202 1659 319 1718 Versus
335 1659 484 1734 heroicus,
502 1681 568 1720 cum
583 1661 704 1739 longior
725 1662 774 1736 sit,
799 1683 889 1741 quam
913 1663 966 1742 qui
988 1663 1076 1721 unius
1098 1661 1212 1720 ordinis
1227 1660 1343 1720 metrici
1358 1660 1469 1719 finibus

121 1763 209 1840 possit
232 1765 392 1836 contineri,
418 1765 547 1824 caesuris
570 1767 600 1824 in
625 1775 725 1844 partes
750 1765 903 1825 dividatur
924 1786 1047 1826 necesse
1071 1774 1125 1827 cst.
1153 1775 1244 1845 atque
1266 1765 1374 1844 poetis,
1403 1784 1469 1822 cum

121 1887 256 1927 caesuras
281 1869 330 1928 vel
353 1870 422 1948 plus
446 1890 534 1950 quam
560 1870 750 1951 dactylorum
773 1879 803 1931 et
826 1871 1027 1952 spondeornm
1051 1869 1293 1930 distributionem
1315 1868 1356 1927 ad
1377 1877 1469 1928 totam
1531 1957 1534 1962 Ι
1610 1880 1614 1951 p

123 1971 287 2032 hexametri
319 1982 455 2033 naturam
488 1976 705 2034 immutandam
735 1976 840 2035 valere
871 1976 1018 2049 viderent,
1050 1975 1215 2054 praecipue
1251 1973 1283 2032 id
1316 1972 1465 2052 agendum

123 2086 189 2149 erat,
219 2085 253 2136 ut
285 2078 435 2138 divisione
468 2080 522 2138 illa
545 2081 625 2140 facta
656 2101 784 2140 sonorae
810 2080 949 2159 singulae
975 2080 1211 2158 uniuscuiusque
1233 2098 1337 2136 versus
1368 2085 1470 2157 partes

122 2181 292 2244 evaderent.
318 2182 359 2243 de
381 2183 531 2244 sedibus
555 2194 655 2245 eutem
678 2186 897 2245 incisionum
919 2184 1071 2262 inprimis
1091 2181 1256 2242 tenendum
1279 2200 1468 2244 cssecsnseo

124 2285 161 2343 ibi
182 2295 300 2346 tantum
325 2307 376 2346 eas
399 2307 487 2368 posse
510 2291 611 2362 statui,
635 2289 687 2348 uhi
711 2289 890 2348 vocabulum
907 2287 1031 2367 aliquod
1053 2286 1217 2367 finiatur1).
1241 2283 1296 2344 sad
1310 2293 1345 2342 ut
1360 2294 1470 2344 natura

124 2410 320 2464 caesurarum,
345 2391 382 2450 dc
407 2393 515 2472 quibus
537 2393 632 2453 verba
653 2395 787 2453 facturus
811 2414 887 2467 enm,
919 2402 1000 2452 recte
1022 2392 1119 2472 possit
1146 2391 1295 2468 cognosci,
1328 2391 1467 2462 rationes,

125 2494 225 2572 quibus
249 2495 358 2556 ductus
390 2499 446 2557 sim
473 2500 504 2556 in
533 2499 594 2558 illis
622 2498 799 2580 statuendis,
831 2508 866 2557 ut
893 2500 984 2558 etiam
1007 2496 1176 2556 accuratius
1199 2515 1360 2574 exponam,
1393 2514 1469 2574 opus

125 2625 182 2667 esse
205 2609 356 2669 existimo.
381 2630 571 2690 nequaquam
588 2612 668 2670 enirn
691 2611 804 2690 ubique
826 2619 895 2690 post
917 2609 1059 2670 vocabuli
1074 2610 1164 2669 finam
1179 2627 1334 2666 caesuram
1351 2620 1471 2682 quoque

125 2720 192 2788 puto
214 2732 283 2772 esse
307 2713 505 2790 statuendam,
529 2714 620 2775 immo
645 2714 726 2774 hand
749 2735 816 2774 raro
833 2735 924 2774 voces
939 2713 1030 2774 binae
1045 2714 1097 2774 vel
1112 2715 1214 2793 pluras
1230 2714 1274 2771 ita
1290 2711 1470 2769 coniunctae

124 2825 196 2888 sunt,
219 2826 255 2875 nt
279 2818 366 2876 nulla
388 2819 467 2878 inter
489 2839 540 2878 eas
563 2820 670 2879 incisio
694 2821 850 2880 sentiatur.

204 2921 251 2980 Ac
274 2922 405 3000 primum
429 2923 552 3003 quidem
575 2924 704 2984 voculae
727 2925 888 2983 encliticae
910 2932 972 2982 tam
996 2932 1061 2983 arte
1084 2943 1150 2980 cum
1174 2919 1358 3000 praegressis
1382 2937 1470 2976 roca-

123 3022 194 3081 bulis
225 3025 400 3099 cohaerent,
428 3036 463 3086 ut
490 3049 615 3088 caesura
644 3037 715 3087 ante
745 3029 813 3087 illas
843 3029 934 3088 statui
964 3035 1105 3106 nequeat,
1136 3023 1167 3082 id
1198 3022 1279 3101 quod
1310 3042 1376 3080 cum
1403 3020 1471 3078 aliis

125 3127 207 3186 rebus
223 3138 290 3188 tum
315 3151 350 3189 eo
369 3132 589 3212 comprobatur,
614 3132 693 3212 quod
711 3152 867 3194 caesuram
885 3132 985 3211 quarti
1006 3130 1092 3210 pedis
1114 3127 1307 3199 trochaicam,
1330 3144 1408 3203 quae
1432 3122 1470 3181 ab

48 3257 51 3266 ·
126 3234 260 3294 omnibus
283 3234 513 3314 diligentissima
536 3240 632 3297 vitata
653 3246 699 3297 est
713 3238 819 3316 poetis,
844 3236 1020 3315 saepissime
1036 3234 1193 3293 encliticas
1208 3239 1363 3304 secuntur;
1387 3229 1471 3288 cuius

124 3337 163 3394 rei
194 3339 338 3418 exempla
370 3361 409 3398 ex
431 3342 594 3403 Theocrito
623 3344 719 3422 petita
743 3342 821 3400 infra
843 3349 890 3399 sat
913 3340 1007 3398 multa
1030 3338 1173 3398 adferam.
1207 3337 1238 3394 in
1271 3356 1331 3393 uno
1354 3341 1470 3392 tantum

123 3460 204 3499 versu
226 3443 328 3519 legem
349 3445 433 3502 illam
455 3447 597 3524 migravit
608 3447 799 3520 Theocritus,
818 3445 885 3503 dico
894 3444 973 3503 XIV
984 3447 1024 3503 48
1035 3445 1136 3524 ἄμμες
1152 3441 1180 3503 d’
1192 3442 1268 3503 οὔτε
1282 3440 1368 3519 λόγω
1384 3437 1473 3510 τινὸς

121 3541 200 3618 ἄξιοι
223 3549 291 3609 οὔτ’
307 3547 490 3630 ἀριθμητοί.
527 3571 584 3628 quc
607 3550 637 3608 in
666 3570 756 3609 versu
783 3569 845 3607 non
874 3556 920 3607 est
941 3546 1162 3626 neglegendum
1191 3543 1359 3603 encliticam
1382 3542 1473 3613 τινός

123 3660 238 3728 propter
254 3653 435 3713 antecedens
450 3650 674 3737 παροξύτονον
688 3654 810 3734 proprio
831 3673 905 3713 sono
921 3671 987 3711 esse
1002 3650 1180 3730 praeditam.
1203 3648 1260 3707 hoc
1274 3647 1364 3706 modo
1380 3647 1470 3705 etiam

123 3755 225 3814 vocula
247 3757 328 3819 ποτέ
350 3778 368 3815 a
383 3757 583 3837 praecedente
599 3758 747 3818 vocabulo
764 3758 869 3817 eadem
891 3776 1015 3816 caesura
1036 3754 1202 3832 seiungitur
1217 3751 1298 3831 apud
1315 3751 1470 3810 Moschum

124 3857 229 3919 11116
254 3860 329 3923 aluo
351 3861 518 3945 ὑμετέροις
543 3861 621 3925 ποτὲ
648 3863 784 3942 χείλεσσι
811 3870 916 3944 γῆρυν
939 3861 1056 3923 ἄειδεν.
1095 3859 1186 3939 paulo
1218 3858 1339 3935 saepius
1362 3855 1472 3912 similia

123 3963 302 4024 admiserunt
324 3967 450 4026 Nonnus
481 3967 594 4050 aliique
620 3975 788 4045 temporum
817 3967 994 4025 inferiorum
1016 3961 1171 4045 poetaa²).
1203 3962 1234 4020 in
1259 3981 1349 4020 versu
1371 3967 1471 4017 autem

205 4173 225 4238 ¹)
243 4172 341 4239 Aliam,
367 4173 415 4224 ssd
436 4174 509 4224 haud
530 4173 696 4238 probabilem
714 4173 876 4222 sententiam
902 4169 1012 4236 protulit
1035 4169 1119 4220 Lehrs
1144 4169 1187 4219 ‘de
1203 4168 1283 4218 Arist.
1305 4168 1374 4217 stud.
1392 4167 1472 4216 Hom.

124 4257 419 4329 edit.II(Lips.1865)¹,
436 4280 461 4328 p.
472 4264 532 4326 409,
551 4261 598 4310 nbi
617 4261 697 4311 etiam
717 4260 774 4309 eius
793 4258 867 4308 modi
884 4273 987 4321 versus,
1005 4256 1094 4321 qualis
1112 4251 1291 4318 σιιΔιογέυες
1308 4250 1474 4319 Λαερτιάδη,

126 4345 282 4413 πολυμήχαν’
303 4346 443 4414 Ὀδυσσεῦ,
470 4351 498 4398 in
525 4350 602 4398 tertio
631 4347 699 4414 pede
727 4361 867 4396 caesuram
893 4345 992 4394 hahere
1019 4343 1084 4393 dicit
1101 4357 1212 4406 eamque
1230 4341 1290 4390 sola
1307 4351 1374 4390 voce
1392 4342 1473 4406 signi-

127 4427 251 4484 ficandam
269 4451 335 4487 esse.

207 4517 229 4587 ²)
247 4521 345 4590 Locos,
363 4525 409 4588 qni
430 4524 482 4574 hac
502 4525 530 4572 in
543 4539 571 4572 re
583 4523 611 4572 in
624 4537 732 4572 censum
744 4521 864 4584 veniunt,
882 4519 1017 4582 congessit
1029 4514 1127 4567 Giselss
1140 4513 1257 4565 ‘Homer
1266 4513 1385 4566 Forsch.'
1395 4531 1420 4580 p.
1431 4517 1474 4565 58.
