3300 5059
1402 240 1466 297 263

116 420 168 506 (cf.
186 422 280 502 Soph.
293 420 418 482 Aiane
434 419 528 506 sqq),
552 422 590 481 de
615 421 724 504 quibus
745 424 803 485 hoc
824 427 884 486 fert
908 424 1066 486 iudicium:
1093 431 1163 487 ‘non
1179 426 1255 488 dixit
1277 427 1382 511 ‘cape’,
1406 451 1467 491 101

117 526 206 608 ‘pete’
231 525 369 611 (haberet
392 528 471 587 enim
486 546 599 587 moram
622 529 772 607 sperantis
795 528 906 591 diutius
930 550 995 590 esso
1018 528 1191 615 victurum),
1215 532 1268 594 sed
1293 530 1394 614 ι11111.
1410 535 1468 596 hoc

116 632 243 693 verbum
266 640 311 692 est
333 631 372 691 ad
394 632 427 691 id
450 640 595 712 aptatum,
620 632 700 713 quod
724 643 793 694 ante
817 634 944 710 dixerat,
969 633 1051 695 ‘dum
1072 636 1163 699 licet’.
1200 638 1232 698 in
1255 639 1343 699 initio
1366 648 1467 701 autem

115 737 241 797 Medeae
264 736 336 817 quid
359 735 498 797 habuerit
520 736 626 797 Cicero
650 737 730 818 quod
754 740 924 819 castigaret,
949 740 1029 799 infra
1052 761 1214 821 exponam.

218 842 277 902 Sed
304 842 380 902 haec
408 844 469 902 iam
491 843 582 903 missa
603 844 759 904 faciamus.
793 843 955 905 dicendum
990 847 1069 906 enim
1101 854 1155 922 est,
1193 848 1266 929 quid
1291 848 1398 911 Cicero
1423 854 1467 911 iu·

117 948 264 1007 dicaverit
287 947 324 1007 de
347 946 448 1008 verbis
471 946 509 1008 ab
534 949 634 1008 Ennio
657 949 743 1009 factis
766 950 958 1031 primumque
982 954 1142 1033 usurpatis.
1170 973 1241 1012 nam
1264 954 1322 1014 lroc
1345 955 1468 1035 quidem

114 1055 193 1113 inter
224 1072 327 1113 omnes
361 1062 478 1114 constat
500 1054 633 1114 Ennium
665 1074 731 1114 cum
764 1057 885 1116 omnino
917 1056 1054 1136 linguam
1081 1056 1223 1117 Latinam
1255 1060 1352 1135 novis,
1386 1082 1466 1141 quae

116 1160 183 1238 ipse
206 1161 365 1220 invenerat
387 1160 499 1230 verbis,
533 1159 743 1239 locupletasse,
775 1169 839 1220 tum
863 1162 966 1241 spicae
997 1161 1137 1223 dictionis
1167 1163 1328 1224 verborum
1351 1167 1468 1247 copiam

117 1265 237 1324 auxisse
259 1264 310 1324 vel
333 1266 434 1344 potius
457 1263 626 1324 condidisse
651 1260 702 1347 (cf.
724 1264 833 1328 Horat.
857 1264 896 1325 A.
920 1266 956 1329 Ρ.
985 1262 1050 1351 55),
1084 1288 1123 1328 ex
1154 1289 1214 1348 qua
1244 1270 1467 1351 insequentium

117 1377 297 1450 temporum
309 1377 419 1451 poetae
440 1371 517 1449 epici
539 1368 729 1445 hauriebant,
753 1370 783 1428 in
806 1370 912 1450 primis
933 1369 1103 1447 Lucretius,
1120 1372 1283 1451 Vergilius,
1301 1372 1467 1455 Ovidius.¹)

117 1483 210 1555 atque
242 1476 274 1534 in
305 1476 478 1535 universum
509 1483 622 1535 rectam
654 1474 692 1535 de
723 1475 780 1535 hac
808 1477 979 1557 represent
1001 1474 1107 1538 Cicero
1131 1480 1312 1539 sententiam
1336 1477 1388 1540 Or.
1413 1483 1465 1561 21,

117 1582 174 1640 68:
200 1585 266 1659 ‘ego
289 1590 400 1655 autem,
426 1581 546 1640 etiamsi
568 1579 756 1660 quorundam
779 1581 902 1661 grandis
926 1589 956 1642 et
979 1590 1085 1643 ornata
1128 1604 1190 1643 vox
1221 1593 1266 1644 est
1297 1593 1466 1665 poetarum,

116 1694 218 1745 tamen
241 1687 274 1745 in
298 1706 335 1746 ea
358 1706 425 1745 cum
447 1686 602 1746 licentiam
625 1694 724 1747 statuo
747 1688 892 1746 maiorem
908 1706 974 1747 esse
997 1707 1088 1767 quam
1110 1691 1141 1747 in
1164 1687 1250 1747 nobis
1266 1684 1463 1774 (oratoribus)

116 1790 325 1851 faciendorum
346 1791 630 1871 iungendorumque
645 1791 817 1870 verborum,
841 1800 905 1851 tum
922 1836 929 1850 .
948 1836 955 1851 .
974 1838 981 1853 .
1000 1792 1018 1853 .'
1042 1792 1177 1852 Ennium
1193 1801 1292 1854 autem
1313 1794 1466 1874 inprimis

116 1896 253 1956 habitum
277 1916 343 1957 esse
366 1918 384 1956 a
406 1895 553 1958 Cicerone
574 1896 737 1957 verborum
758 1906 938 1957 novatorem
961 1918 999 1958 ex
1023 1897 1089 1958 loco
1113 1896 1150 1957 de
1173 1919 1215 1959 or.
1239 1898 1290 1958 IlI
1314 1900 1366 1973 38,
1401 1898 1463 1960 154

117 2001 252 2082 adparet.
277 2022 345 2061 cum
369 2004 449 2061 enim
472 2001 511 2060 de
532 1999 627 2061 tribus
653 2000 716 2061 illia
737 1999 827 2061 rebus
851 2000 991 2062 Crassum
1013 2001 1107 2062 faciat
1128 2002 1311 2083 loquentem,
1336 2023 1412 2085 quaa
1434 2004 1466 2065 in

117 2106 210 2170 verbo
233 2107 362 2188 simplici
385 2115 483 2167 orator
506 2104 624 2165 adierat
646 2104 684 2165 ad
706 2105 918 2166 illustrandam
940 2114 1032 2187 atque
1057 2107 1263 2168 exornandam
1286 2110 1464 2171 orationem:

117 2221 169 2273 aut
194 2213 368 2273 inusitatum
397 2211 524 2272 verbum
555 2220 607 2272 aut
637 2219 783 2271 novatum
816 2219 869 2271 aut
899 2212 1087 2286 translatum,
1126 2214 1276 2294 exempla,
1316 2235 1395 2294 quae
1427 2214 1465 2275 de

116 2316 242 2378 vocibus
264 2318 382 2378 novatis
406 2317 592 2401 adferuntur,
616 2316 718 2376 omnia
740 2316 803 2376 fere
824 2317 922 2397 petita
946 2326 1015 2377 eunt
1038 2337 1076 2378 ex
1098 2338 1158 2378 nno
1181 2319 1294 2381 Ennio.
1319 2320 1363 2380 sic
1387 2320 1466 2380 enim

118 2423 257 2483 audimus
280 2421 421 2483 Crassum
444 2421 609 2483 dicentem:
635 2427 795 2484 ‘novantur
818 2430 918 2483 autem
946 2422 1048 2497 verba,
1074 2442 1153 2503 quas
1175 2423 1214 2483 ab
1238 2443 1283 2499 eo,
1308 2425 1361 2505 qui
1384 2425 1467 2503 dicit,

117 2530 182 2609 ipso
205 2530 370 2608 gignuntur
392 2548 428 2587 ac
449 2527 533 2602 fiunt,
556 2528 607 2588 vel
629 2526 849 2608 coniungendis
872 2526 982 2602 verbis,
1006 2536 1041 2588 ut
1062 2527 1154 2589 haec:

200 2648 257 2701 trim
274 2666 362 2717 pauor
380 2648 539 2717 sapientiam
559 2666 664 2701 omnem
682 2652 718 2700 mi
737 2647 889 2701 exanimato
909 2647 1065 2716 expectorat
1082 2646 1197 2718 (Aleum.
1215 2649 1248 2702 fr.
1266 2652 1282 2701 2
1299 2647 1386 2718 R.);²)

117 2756 228 2818 videtis
251 2758 332 2819 enim
440 2758 635 2836 ‘expectorat’
667 2777 706 2817 ex
733 2756 946 2816 coniunctione
968 2757 1050 2815 facta
1072 2776 1138 2817 esse
1159 2756 1263 2831 verba,
1286 2776 1348 2816 non
1371 2755 1464 2817 nata!

117 2872 181 2923 tum
211 2864 271 2923 tria
303 2882 342 2923 ex
371 2863 472 2922 111110
505 2861 657 2921 adduntur
690 2861 840 2940 exempla,
874 2859 1055 2921 substantivi
1092 2859 1236 2923 adiectivi
1270 2859 1369 2921 verbi:
1404 2860 1468 2921 ‘sed

119 2988 211 3049 saepe
234 2970 286 3030 vel
308 2969 373 3030 sine
404 2968 615 3029 coniunctione
637 2965 732 3027 verba
764 2974 926 3041 novantur,
957 2975 991 3027 ut
1022 2966 1075 3026 ille
1109 2967 1220 3027 ‘senius
1253 2964 1404 3046 disertus’,
1437 2973 1470 3025 ut

117 3072 161 3133 ‘di
192 3070 350 3153 genitales'
375 3072 469 3153 (Anu.
495 3072 633 3153 11011.)
667 3081 702 3131 ut
734 3070 888 3131 ‘bacarum
922 3070 1057 3134 ubertate
1096 3067 1316 3131 incurvescere'
1352 3067 1467 3154 (Eum,

118 3182 177 3239 inc.
209 3180 330 3239 11111.
368 3179 390 3238 f.
415 3174 482 3261 72).
520 3177 601 3236 unde
632 3175 767 3257 sequitur
800 3174 949 3251 Ciceroni,
989 3196 1057 3236 cum
1094 3175 1243 3235 Ennianis
1280 3175 1468 3256 potissimum

118 3304 190 3344 usus
221 3286 260 3345 sit
284 3284 441 3365 exemplis,
475 3281 557 3342 haud
583 3279 719 3362 ignotum
742 3282 844 3355 fuisse,
878 3290 1024 3363 qnantum
1046 3282 1146 3341 Ennio
1175 3280 1322 3341 deberent
1352 3280 1389 3341 ab
1413 3281 1470 3340 hac

118 3398 207 3470 parte
236 3390 375 3449 Romani.
412 3391 517 3468 itaque
554 3409 620 3449 cum
642 3387 736 3447 Ennii
763 3407 861 3447 sermo
893 3395 923 3447 et
957 3395 1083 3467 propter
1113 3387 1224 3446 formas
1247 3384 1316 3446 illas
1340 3386 1467 3466 priscas,

121 3496 206 3555 ouius
237 3493 319 3554 modi
343 3502 413 3554 sunt
435 3494 571 3573 ‘Bruges,
604 3492 752 3566 Burrum',
786 3501 818 3551 et
838 3500 962 3573 propter
984 3511 1075 3552 voces
1098 3490 1136 3551 ab
1159 3493 1226 3572 ipso
1250 3511 1318 3551 cum
1342 3490 1470 3551 audacia

123 3599 253 3680 quadam
278 3600 488 3673 conformatas,
517 3619 644 3679 quarum
665 3618 777 3677 magna
797 3618 869 3679 pars
897 3617 936 3657 ex
958 3596 1181 3677 insequentium
1213 3605 1382 3677 temporum
1414 3616 1470 3655 usu

120 3713 296 3780 evanuerat,
333 3704 487 3765 Ciceronis
510 3710 609 3764 astate
631 3703 747 3782 grande
779 3702 925 3782 quiddam
948 3711 1070 3763 sonaret
1103 3711 1193 3782 atque
1216 3702 1354 3775 sublime,
1388 3698 1471 3759 haud

119 3811 223 3890 inepte
246 3830 314 3870 eum
337 3810 487 3869 iudicasse
509 3816 675 3869 statuamus
698 3827 820 3869 necesse
845 3817 899 3883 est,
925 3807 1006 3887 quod
1030 3808 1069 3867 de
1093 3828 1134 3867 01.
1158 3806 1254 3883 1117,
1273 3808 1313 3867 27
1337 3806 1470 3865 Ennium

119 3934 159 3975 ex
190 3913 285 3976 tribus
317 3915 380 3977 illis
412 3912 586 3994 tragoediae
610 3912 746 3975 Graecae
778 3911 966 3994 principibus
999 3933 1066 3973 cum
1093 3910 1247 3994 Aeschylo
1277 3911 1469 3991 comparavit,

119 4020 173 4099 qui
195 4020 302 4082 altiore
325 4022 412 4102 quasi
445 4018 559 4081 incedit
591 4020 737 4081 cothurno
771 4027 801 4079 et
834 4017 996 4097 grandiore
1031 4018 1125 4078 utitur
1157 4016 1278 4077 dicendi
1309 4034 1420 4095 genere
1452 4034 1471 4072 a

118 4159 325 4170 ——..

225 4249 244 4316 ¹)
264 4248 305 4302 Cf.
329 4248 361 4301 A.
391 4248 514 4315 Zingerle
544 4247 625 4299 ‘Ovid
654 4246 711 4297 und
741 4246 800 4296 sein
824 4244 994 4297 Verhltltnias
1026 4260 1059 4294 aa
1089 4243 1143 4294 den
1161 4241 1341 4307 Vorgltngern
1360 4237 1415 4292 ...'
1433 4238 1470 4302 11,

117 4355 144 4405 p.
164 4340 258 4400 1-11,
276 4336 305 4387 C.
323 4335 355 4388 L
374 4335 499 4387 Bentseld
517 4334 581 4385 ‘Der
598 4332 716 4384 Einflusa
735 4333 783 4384 des
801 4334 906 4383 Ennius
926 4332 975 4384 auf
991 4329 1102 4398 Vergil',
1128 4328 1276 4394 Salisburg.
1297 4328 1372 4389 1876,
1398 4326 1470 4377 deni·

119 4442 171 4493 qne
189 4424 287 4477 Koenii
305 4423 412 4487 librum,
431 4437 509 4490 quem
528 4434 609 4487 supra
626 4419 745 4471 laudavi.

225 4509 245 4576 ²)
266 4511 306 4563 Cf.
326 4512 358 4561 de
377 4527 416 4561 01.
433 4510 475 4560 ΙΠ
492 4511 534 4573 58,
553 4510 604 4558 21⁷
622 4507 738 4559 ‘Priamo
756 4510 785 4559 ni
802 4510 886 4559 uitam
907 4504 1024 4557 enitarei’
1045 4504 1181 4572 (Androm.
1200 4504 1231 4555 11.
1250 4505 1267 4555 a
1284 4501 1386 4564 Bibba.
