3300 5059
308 222 429 279 232

483 418 604 468 ant.
669 431 727 467 v.
787 411 910 467 215
1074 428 1206 471 που
1253 409 1505 470 πταίων
1547 409 1656 471 ὑπ’
1690 408 2000 492 ἀνάγ-κας

782 513 907 572 684
1072 512 1143 586 ὃς
1188 515 1349 575 οὔτ’·
1396 509 1607 595 «ἔρ-ξας
1620 513 1666 589 2)
1712 514 1832 576 τιν’
1881 516 2031 582 οὔτε
2075 512 2409 593 νοσφίσας.

474 721 590 781 His
637 721 947 801 exemplis,
1005 741 1161 802 quae
1208 720 1606 781 indubitatam
1655 721 1802 781 mihi
1847 722 2071 783 habere
2123 720 2408 782 videntur
2451 721 2595 795 vim,
2644 721 2988 802 propositis,

303 847 380 887 ne
428 824 573 906 quid
619 826 907 901 omittam,
953 824 1326 886 reticendum
1376 847 1497 887 non
1543 836 1635 887 est
1680 836 1890 887 extare
1937 826 2234 907 quaedam
2278 828 2422 887 satis
2454 846 2664 908 pauca,
2711 825 2815 885 ubi
2849 827 2996 886 arsis

304 934 547 993 trisema
592 931 653 991 in
698 929 998 991 vocabula
1043 930 1222 1013 cadit,
1282 951 1439 1013 quae
1486 930 1776 992 destituta
1819 933 2078 993 notionis
2122 932 2392 1013 pondere
2437 951 2516 991 ne
2563 952 2595 992 e
2639 930 2994 1012 prosodiaca

305 1037 550 1118 quidem
593 1036 824 1097 ratione
869 1036 1201 1117 prolixiora
1241 1036 1544 1111 videntur,
1608 1037 1696 1096 ita
1755 1046 1822 1097 ut
1882 1045 2024 1098 tone
2104 1036 2359 1117 syllabis
2415 1057 2560 1098 una
2617 1036 2998 1117 positione

307 1143 549 1222 longis
598 1141 952 1222 excipiatur.
1000 1142 1121 1201 iam
1164 1142 1583 1202 brevissimum
1629 1141 1842 1201 talium
1889 1142 2156 1203 locorum
2203 1141 2358 1202 dabo
2406 1140 2684 1201 indicem.

479 1269 528 1332 ⁸.-
579 1246 809 1307 duabus
856 1245 1361 1327 subsequentibus
1408 1248 1710 1308 consonis:

480 1351 702 1411 Aesch.
751 1350 921 1410 Pers.
975 1352 1141 1412 1024
1164 1347 1269 1434 (Ρ),
1320 1350 1487 1431 Sept.
1535 1352 1662 1411 408
1686 1348 1791 1435 (P),
1842 1352 1988 1424 932,
2047 1350 2259 1432 Suppl.
2310 1354 2412 1425 41,
2463 1354 2606 1426 566,
2657 1353 2803 1427 589,
2853 1353 2999 1433 648,

313 1461 458 1532 671,
520 1460 665 1531 693,
721 1456 839 1536 Ag.
888 1458 1034 1531 409,
1083 1457 1230 1529 423,
1279 1457 1426 1529 448,
1475 1457 1620 1530 490,
1673 1457 1816 1529 738,
1873 1456 2024 1517 Cho.
2072 1459 2218 1531 315,
2268 1458 2413 1532 335,
2465 1458 2609 1531 359,
2660 1459 2804 1531 411,
2857 1459 3001 1517 627.

309 1562 493 1643 Soph.
557 1561 660 1621 Ai.
724 1562 870 1634 247,
945 1562 1089 1634 712,
1158 1558 1233 1620 Ο.
1296 1560 1370 1619 R.
1436 1562 1581 1634 463,
1632 1562 1775 1636 678,
1837 1560 1912 1621 Ο.
1969 1560 2036 1621 Ο.
2094 1561 2238 1636 187,
2288 1564 2432 1635 512,
2484 1564 2628 1637 714,
2683 1561 2846 1622 1217
2890 1582 3000 1643 sq.,

312 1669 460 1727 Ant.
510 1669 654 1740 611,
703 1667 847 1739 785,
899 1668 1043 1739 808,
1091 1664 1251 1724 Phil.
1305 1665 1496 1744 1135,
1550 1666 1737 1724 1159.

480 1795 536 1835 0.
582 1770 803 1830 Aesch.
852 1771 1019 1830 Pers.
1070 1771 1213 1843 652,
1269 1770 1453 1844 1037,
1518 1768 1733 1850 Suppl.
1792 1770 1937 1843 679,
1993 1769 2112 1850 Ag.
2165 1771 2310 1844 257,
2371 1772 2518 1844 424,
2584 1771 2761 1834 Eum.
2815 1772 3002 1833 1018.

307 1877 489 1956 Soph.
555 1875 655 1935 Ai.
707 1878 852 1951 699,
918 1873 992 1936 Ο.
1039 1875 1112 1933 R.
1164 1875 1310 1953 196,
1375 1875 1525 1953 875,
1589 1877 1773 1947 1197,
1839 1874 1985 1934 Ant.
2038 1876 2180 1949 126,
2241 1876 2386 1950 342,
2435 1877 2578 1952 369,
2644 1875 2805 1936 Phil.
2858 1878 3001 1950 136,

308 1984 451 2054 710,
503 1983 647 2052 726,
698 1981 843 2041 728.
2428 2054 2433 2059 ,

484 2108 543 2148 α.
589 2085 807 2145 Aesch.
843 2081 1011 2145 Pers.
1046 2086 1192 2164 560,
1227 2086 1372 2162 590,
1425 2086 1569 2158 596,
1621 2086 1765 2159 597,
1813 2084 1979 2165 Sept.
2015 2086 2159 2159 324,
2209 2086 2355 2160 443,
2406 2085 2553 2159 675,
2599 2083 2810 2165 Suppl.
2856 2086 3003 2159 567,

312 2192 455 2263 692,
501 2189 619 2267 Ag.
661 2193 801 2263 141,
849 2192 990 2262 181,
1043 2190 1189 2263 268,
1239 2190 1385 2261 400,
1433 2192 1580 2263 463,
1627 2192 1775 2264 486,
1827 2192 1972 2271 719,
2006 2191 2169 2264 720,
2219 2192 2364 2264 723,
2420 2191 2607 2264 1411,
2659 2188 2806 2249 Cho.
2852 2191 2998 2264 417,

308 2296 485 2353 Eum.
539 2296 680 2355 159.
749 2293 933 2373 Soph.
992 2292 1065 2353 Ο.
1114 2296 1185 2353 R.
1246 2294 1389 2368 877,
1460 2295 1648 2366 1214,
1715 2294 1787 2355 Ο.
1836 2292 1904 2354 Ο.
1957 2296 2099 2367 161,
2169 2296 2313 2369 236,
2382 2296 2527 2368 696,
2597 2296 2743 2366 699,
2812 2296 3000 2368 1049,

309 2401 454 2459 Ant.
506 2401 649 2473 138,
700 2400 845 2472 792,
896 2400 1118 2458 Trach.
1169 2401 1313 2473 512,
1364 2400 1508 2473 832,
1559 2398 1717 2462 Phil.
1771 2399 1958 2458 1125.

478 2528 521 2567 ι.
569 2504 788 2563 Aesch.
838 2504 1003 2565 Pers.
1042 2505 1184 2577 129,
1235 2504 1378 2578 593,
1428 2502 1593 2583 Sept.
1645 2505 1790 2577 681,
1840 2504 2054 2584 Suppl.
2102 2506 2246 2585 646,
2299 2507 2442 2579 710,
2494 2503 2610 2583 Ag.
2661 2506 2806 2579 118,
2857 2507 3000 2565 218.

310 2609 491 2690 Soph.
539 2608 639 2668 Ai.
669 2611 835 2689 361,
881 2610 980 2668 ΕΙ.
1030 2612 1174 2682 234,
1224 2606 1299 2667 Ο.
1349 2608 1415 2668 Ο.
1468 2610 1612 2681 674,
1666 2610 1852 2683 1064,
1902 2610 2122 2669 Trach.
2175 2611 2320 2684 139,
2371 2612 2514 2670 220.

487 2738 546 2777 υ.
595 2714 817 2776 Aesch.
867 2717 1028 2795 Sept.
1080 2716 1226 2787 745,
1275 2715 1419 2788 820,
1470 2715 1615 2774 884.
1668 2712 1852 2793 Soph.
1899 2713 2058 2774 Phil.
2110 2717 2252 2775 698.

485 2821 641 2879 Item
716 2840 878 2879 arses
952 2827 1255 2899 porrectas
1327 2819 1389 2877 in
1452 2818 1685 2878 voculis
1755 2818 2113 2899 quibusdam
2189 2830 2439 2879 accentu
2504 2822 2700 2900 logico
2763 2840 3007 2901 prorsus

314 2924 615 2986 destitutis
659 2924 853 2985 veluti
913 2925 1227 3005 particulis
1263 2925 1548 3004 -reperias
1594 2924 1742 2984 Ant.
1794 2926 1917 2985 150
1971 2922 2068 2987 ἐκ·
2112 2923 2258 3006 μὲν·
2303 2925 2384 3005 δὴ
2429 2926 2752 3008 πολέμων,
2817 2924 2892 2987 Ο.
2940 2925 3008 2986 Ο.

315 3033 480 3091 1072
530 3029 663 3091 καὶ·
707 3029 849 3092 τὸν·
895 3029 1167 3091 πόντιον
1210 3029 1544 3111 γαιάοχον,
1590 3030 1688 3088 El.
1728 3032 1848 3090 144
1881 3030 1947 3092 τί
1985 3053 2124 3111 μοι·
2167 3037 2327 3091 τῶν·
2382 3030 2739 3114 δυσφόρων
2791 3028 3012 3112 &pl-sc,

315 3137 416 3215 qui
461 3155 673 3198 versus
738 3134 1154 3214 antistrophici
1218 3142 1374 3208 sunt,
1441 3154 1574 3193 cum
1635 3136 1698 3194 in
1747 3135 1970 3195 eisdem
2017 3136 2396 3216 stropharum
2443 3136 2686 3196 sedibus
2732 3137 3015 3216 graviora

316 3241 732 3321 deprehendas
796 3238 1116 3301 vocabula.
1212 3238 1288 3298 de
1363 3239 1579 3299 horum
1644 3249 1826 3319 atque
1890 3239 2102 3298 talium
2177 3241 2591 3320 exemplorum
2662 3262 2774 3302 usu
2847 3250 3014 3301 recte

318 3346 471 3405 dixit
498 3344 583 3404 O.
635 3345 972 3404 Bernhardi
1021 3341 1089 3427 (l.
1142 3366 1192 3404 c.
1238 3366 1299 3425 p.
1352 3340 1419 3429 9)
1467 3344 1702 3424 aliquid
1747 3344 1972 3405 silentii
2018 3345 2354 3405 necessario
2403 3345 2812 3406 intercessisse
2858 3346 3017 3405 inter

316 3450 379 3508 id
425 3472 613 3529 genus
658 3449 985 3531 particulas
1034 3459 1095 3509 et
1140 3452 1446 3530 sequentis
1478 3449 1758 3509 vocabuli
1803 3450 2350 3529 pronuntiationem
2383 3459 2565 3531 atque
2595 3450 2710 3510 hoc
2743 3450 3016 3531 quamvis

315 3556 574 3634 parvulo
622 3558 819 3636 spatio
865 3564 1037 3615 tones
1082 3556 1446 3634 gravitatem
1492 3555 1766 3635 paullum
1812 3554 2192 3613 imminutam
2240 3573 2390 3615 esse.
2838 3623 2842 3626 ,

494 3659 658 3734 Quid
743 3662 926 3740 igitur
1007 3661 1312 3721 consecuti
1394 3680 1596 3720 sumus
1660 3660 1780 3719 iam
1857 3678 2096 3719 emenso
2157 3661 2374 3720 itinere
2437 3661 2581 3721 satis
2645 3658 3020 3740 longinquo?

321 3764 760 3826 demonstrasse
807 3765 982 3825 nobis
1012 3766 1310 3840 videmur,
1359 3774 1426 3823 ut
1457 3767 1719 3844 optimus
1754 3764 2007 3845 quisque
2040 3774 2222 3845 poeta
2255 3786 2640 3826 numerorum
2671 3764 3021 3826 verborum-

326 3890 444 3949 que
493 3871 732 3930 ordines
779 3870 1122 3929 admirabili
1169 3870 1422 3929 artificio
1470 3869 1896 3950 exaequandos
1941 3870 2262 3943 curaverit,
2312 3872 2418 3930 ita
2458 3870 2905 3952 Aeschylum
2955 3878 3026 3929 et

322 3975 757 4055 Sophoclem
805 3976 873 4034 in
936 3974 1219 4034 arsibus
1282 3976 1601 4034 trisemis
1669 3975 2108 4036 adhibendis
2171 3997 2310 4035 non
2374 3976 2499 4035 uni
2563 3974 3026 4037 inexorabili

321 4081 773 4141 necessita-ti
839 4099 994 4139 sese
1058 4079 1575 4154 adstrinxisse,
1653 4080 1778 4139 sed
1856 4088 2195 4161 quantum
2264 4082 2711 4161 potuissent,
2779 4099 3027 4161 operam

323 4183 579 4265 dedisse,
653 4193 721 4243 ut
785 4192 844 4243 et
905 4204 968 4242 re
1032 4184 1386 4263 prosodiaca
1446 4185 1722 4266 pleniora
1786 4195 1845 4245 et
1909 4187 2338 4245 sententiarum
2384 4185 2654 4266 pondere
2699 4186 3031 4265 insigniora

322 4289 620 4348 vocabula
666 4289 890 4348 maiore
935 4289 1105 4372 yocis
1154 4291 1537 4350 contentione
1581 4273 2017 4370 premerentur.

500 4426 538 4491 ¹)
577 4422 763 4493 ,ἔρξας
800 4428 1115 4492 gravissimo
1153 4443 1312 4477 sensu
1350 4430 1582 4492 positum
1622 4428 1760 4479 idem
1802 4434 1883 4479 est
1919 4427 2060 4493 quod
2100 4421 2260 4492 ἔρξας
2296 4424 2462 4477 κακόν
2499 4426 2576 4477 ’σι’
2614 4427 2777 4479 Dind.
2864 4419 2871 4423 ¹

3273 1004 3284 1078 ja.—
