3300 5059
1353 14 1374 35 N*
1385 18 1392 27 1

1386 24 1446 87 »Χ

1416 88 1438 102 ιἏ
1451 82 1469 99 ’χ

1440 106 1461 121 ’κὴ
1467 102 1517 132 'NR

1413 239 1475 298 175
1551 192 1555 195 ·

213 423 250 482 In
275 423 449 484 universum
472 424 645 504 Aeschylus
673 434 703 485 et
725 423 890 504 Sophocles
914 425 992 486 hanc
1014 447 1149 488 normam
1173 429 1398 488 accuratissime
1424 429 1475 489 ob·

122 524 257 602 servant,
280 536 315 587 ut
336 529 420 588 solae
438 530 554 589 formae
570 531 602 588 in
618 530 739 608 longam
754 530 893 589 vocalem
908 531 973 591 sive
989 530 1211 611 diphthongum
1226 534 1405 594 terminatae
1420 555 1475 614 per

121 632 284 711 syniacsim
318 634 532 694 contrahantur
555 632 653 717 (velut
675 635 761 712 θεοί,
783 630 902 717 θεῶα);
928 622 1232 697 εοηιεεηοιιιὶιιειίιὶ
1256 647 1286 698 et
1309 640 1474 699 accusativi

122 738 240 796 numeri
271 739 433 815 singularis
462 736 564 823 (θεός,
587 735 683 823 θεόν)
716 741 881 819 syuizesim
912 740 976 799 nisi·
1001 740 1049 800 his
1078 741 1194 801 duobus
1217 742 1291 801 locis
1315 743 1388 803 alibi
1412 764 1480 819 nouv

123 845 260 905 invenies
284 839 336 928 (cf.
360 846 461 920 Baier,
483 867 514 925 p.
538 847 579 904 43
603 842 680 928 sq.):
763 914 766 919 ¹

208 949 259 1011 El.
287 949 490 1012 159=1792

165 1063 217 1114 str.
239 1061 368 1139 κρυπτᾷ
389 1058 415 1117 τ
433 1054 537 1135 ἀχέων
559 1054 596 1117 ἐν
617 1054 681 1138 ἥβᾳ
799 1108 825 1116 ,
838 1083 907 1115 aaa
920 1108 945 1116 -
959 1095 975 1115 c
990 1088 1037 1117 m„
1053 1108 1078 1117 -

155 1167 216 1220 ant.
239 1161 358 1242 χρόνος
379 1160 441 1244 γὰρ
466 1159 608 1243 εὐμαρὴς
629 1161 716 1233 θεός.
804 1200 821 1219 a
847 1187 874 1219 ι.

213 1262 250 1323 Ο.
275 1266 311 1324 R.
337 1266 539 1326 202=2152

166 1377 218 1431 str.
243 1364 270 1431 ὦ
294 1372 358 1432 Ζεῦ
380 1370 492 1453 πάτερ,
515 1368 580 1431 ὑπὸ
603 1377 648 1454 σῷ
672 1371 796 1450 pulsor
818 1378 965 1453 κεραυνῷ
1009 1422 1031 1431 -
1047 1402 1100 1430 aa
1113 1411 1158 1430 aa
1172 1402 1197 1430 A.
1210 1411 1225 1429 υ
1240 1424 1263 1431 „
1277 1412 1292 1430 a
1308 1405 1354 1431 μ-
1371 1425 1396 1432 -

155 1481 217 1534 ant.
240 1475 344 1557 πεύκᾳ
372 1474 414 1535 ’τὶ
435 1473 494 1536 τὸν
516 1474 677 1554 ἀπότιμοα
699 1471 735 1535 ἐν
756 1477 849 1547 θεοῖς
871 1476 962 1536 θεόν.
1006 1526 1031 1535 -
1045 1504 1224 1535 aarum
1238 1530 1261 1535 ,
1275 1507 1396 1536 exo„

189 1578 400 1659 Monosyllaba
421 1582 516 1653 θεαῐς
538 1579 667 1637 formas
689 1578 843 1637 nonnullis
867 1598 884 1637 e
907 1579 1080 1638 coniectura
1095 1580 1290 1659 improbabili
1306 1582 1337 1639 in
1356 1589 1472 1641 textum

122 1682 221 1766 inlata
244 1691 303 1743 est:
625 1724 630 1734 ,

210 1786 247 1847 Ο.
272 1785 305 1850 (l.
331 1790 393 1849 678
417 1808 483 1867 sqq.
500 1815 543 1840 =
558 1790 618 1847 691
644 1807 721 1867 sqq.,
747 1808 806 1866 quo
830 1787 896 1846 loco
920 1787 995 1846 haec
1017 1787 1190 1867 suppeditat
1215 1788 1382 1849 Mediceus:

166 1901 217 1954 str.
241 1894 423 1976 χειμώνων·
448 1892 488 1955 ἵν’
513 1892 531 1954 ὁ
553 1892 686 1975 βακχιώ-

242 2019 300 2072 τας
322 1997 373 2060 ἀεὶ
394 1998 560 2071 Διόνυσος
582 1996 749 2079 ἐμβατεύει

242 2104 349 2176 θείαις
371 2102 565 2184 &peruulsis
586 2101 736 2183 τιθήναις

154 2218 213 2266 ant
239 2208 436 2290 στερνούχου
458 2207 592 2288 χθονός·
617 2205 694 2268 οὐδὲ
717 2207 809 2267 Μου-
898 2236 924 2267 a
939 2258 960 2265 -
1057 2237 1084 2266 a

243 2319 305 2375 σαν
326 2313 419 2395 χόροι
437 2334 491 2373 νιν
507 2310 743 2393 ἀπεστύγησαν,
764 2310 871 2372 οὐδ’ἁ
901 2341 927 2369 a
943 2350 959 2370 υ
981 2341 1219 2372 ,ψῃ-ιι
1236 2366 1258 2373 .-
1278 2355 1293 2373 a

243 2418 418 2500 χρυσάνιος
441 2415 621 2498 Ἀφροδίτα.
987 2424 989 2427 ’

125 2521 263 2601 Elmsley
290 2525 384 2596 θεαῖς
413 2522 540 2600 scripsit,
570 2521 673 2599 Bergk
700 2541 738 2580 ex
765 2520 859 2579 Paris.
886 2523 981 2594 2711,
1015 2522 1066 2600 qui
1089 2523 1229 2581 Triclinii
1257 2533 1397 2603 expertus
1430 2534 1474 2583 est

123 2628 339 2700 recensionem,
364 2624 434 2689 οὐδ’
450 2620 493 2687 αὖ
515 2624 548 2703 ἆ,
569 2625 674 2685 Herm.
699 2624 776 2687 οὐδὲ
798 2625 864 2706 μὰν
887 2634 1004 2685 servato
1030 2627 1062 2684 iu
1085 2627 1209 2705 stropha
1230 2628 1346 2703 θείαις.

209 2733 309 2806 Baier,
342 2732 395 2811 qui
427 2731 584 2811 Sophoclis
616 2750 737 2810 quoque
770 2731 917 2810 syuizesis
950 2731 1089 2810 exempla
1113 2730 1161 2789 'ad
1192 2731 1323 2791 calculos
1351 2735 1474 2792 vocavit

125 2833 169 2915 (p.
186 2833 252 2920 46),
279 2838 311 2896 in
335 2837 459 2897 canticis
482 2835 620 2895 omnibus
641 2837 760 2895 circiter
776 2835 985 2915 duodeviginti
1001 2835 1158 2895 dumtaxat
1172 2836 1319 2915 synizesis
1335 2839 1475 2917 exempla

127 2950 232 3002 extare
263 2942 378 3004 statuit.
412 2940 549 3001 deductis
583 2942 676 3019 igitur
706 2941 780 3002 locis
807 2940 897 2999 modo
928 2941 1073 3000 enarratis
1100 2941 1133 2999 in
1156 2939 1294 3000 omnibus
1318 2941 1475 3020 Sophoclis

123 3047 246 3106 canticis
269 3046 332 3107 VH
354 3047 473 3106 circiter
494 3054 609 3105 restant
631 3046 779 3125 synincsis
802 3047 951 3125 exempla.

210 3150 314 3232 Atque
337 3152 483 3211 hactenus
506 3151 545 3211 de
567 3150 679 3231 pedum
700 3151 945 3211 catalecticorum
961 3151 1253 3231 acatalectorumqus
1269 3152 1474 3231 responsione.

122 3257 194 3316 satis
218 3257 277 3315 iam
301 3266 332 3316 et
354 3257 474 3316 abunda
497 3257 661 3335 pervicisse
683 3255 770 3316 nobis
790 3255 931 3315 videmur
955 3276 1022 3316 cum
1046 3275 1161 3315 summo
1186 3256 1269 3315 crisis
1292 3255 1475 3315 factitandae

123 3360 285 3441 dispendio
313 3363 404 3422 talem
433 3363 657 3441 responsionem
687 3361 786 3421 adhuc
812 3361 980 3441 neglectam
1005 3379 1070 3421 esse
1102 3359 1140 3419 ab
1173 3359 1320 3435 omuibus,
1349 3380 1476 3441 cumque

123 3466 257 3547 rhythmi
268 3467 352 3545 leges
362 3488 422 3526 non
435 3467 685 3546 perspicerentur,
699 3466 845 3546 plurimos
861 3466 945 3525 locos
959 3466 1131 3525 sanissimos
1148 3466 1329 3525 adtrectatos
1344 3475 1435 3546 atque
1445 3466 1476 3525 in

123 3570 255 3631 deterius
285 3581 414 3633 mutatos
438 3591 512 3631 esse.
549 3592 619 3630 uam
643 3592 710 3631 cum
733 3571 830 3631 critici
863 3591 980 3631 summa
1013 3573 1167 3631 anxietate
1200 3591 1324 3651 operam
1358 3571 1474 3645 darent,

123 3685 158 3735 ut
181 3684 211 3737 et
231 3677 263 3736 in
287 3685 338 3736 str.
363 3685 393 3736 et
415 3678 447 3735 in
472 3685 532 3735 ant.
556 3675 594 3735 ad
617 3677 758 3735 amussim
781 3676 908 3737 totidem
932 3684 1145 3757 recuperarent
1167 3675 1313 3756 syllabas,
1337 3696 1370 3735 re
1394 3697 1474 3749 vera,

122 3789 157 3840 ut
172 3782 215 3840 ait
229 3782 400 3856 Terentius,
418 3782 555 3842 fecerunt
578 3779 792 3859 intellegendo,
813 3789 848 3840 ut
868 3782 946 3840 nihil
962 3782 1186 3860 intellegerent.
1211 3781 1379 3841 cavendum
1397 3782 1476 3839 enim

125 3895 170 3946 cst
184 3907 299 3946 summo
323 3906 424 3966 opere,
448 3906 487 3946 ue
508 3885 693 3966 syllabarum
718 3885 944 3965 responsionem
968 3888 1082 3944 maiore
1098 3885 1171 3965 ipsis
1194 3886 1291 3965 poetis
1316 3885 1473 3964 diligentia

124 3992 303 4073 aucupando
319 3991 552 4070 angustioribus,
577 4011 666 4070 quam
682 3991 763 4063 licet,
780 3992 917 4050 terminis
937 3999 1093 4071 poetarum
1109 3997 1277 4050 coartamus
1292 3990 1473 4051 libertatem.

124 4117 182 4176 ego
203 4117 276 4156 vero
299 4096 374 4156 mihi
395 4098 468 4155 satis
491 4095 598 4155 ducam
621 4095 758 4175 praemii,
782 4096 806 4153 si
832 4094 999 4153 doctrinam
1022 4115 1119 4155 meam
1141 4095 1219 4155 ultro
1242 4114 1274 4154 se
1300 4094 1474 4153 offerentem

125 4201 300 4279 unicuique,
322 4202 372 4279 qui
396 4200 480 4259 nullo
504 4210 609 4280 captus
632 4199 818 4279 praeiudicio
844 4200 961 4258 cantica
982 4200 1130 4279 perlegat,
1155 4219 1215 4259 nou
1239 4199 1423 4258 extrinsecus
1444 4198 1475 4256 iu

124 4313 229 4385 poetas
253 4303 387 4379 inlatam,
411 4325 472 4363 non
496 4325 606 4364 vanam
631 4325 695 4364 csse
718 4304 774 4364 tibi
800 4305 1012 4384 persuaserim.
1036 4313 1099 4362 tum
1124 4305 1202 4362 enirn
1228 4323 1348 4383 sperare
1371 4302 1476 4362 licebit

14 4416 19 4421 ’
125 4410 272 4490 plurimos
304 4411 396 4485 locos,
430 4411 481 4489 qui
509 4409 665 4489 hucusque
688 4411 852 4469 innumeris
877 4409 1056 4469 coniecturis
1079 4407 1277 4481 vexabantur,
1310 4408 1435 4486 posthac
1457 4426 1476 4465 a

126 4516 258 4579 libidine
290 4516 458 4576 criticorum
488 4517 611 4576 tutiores
639 4516 713 4574 fore.
747 4536 825 4595 quae
853 4516 878 4574 si
901 4524 982 4574 recte
1006 4514 1159 4592 disputata
1180 4521 1249 4571 suut
1272 4514 1382 4584 omnia,
1415 4513 1474 4571 iam
