3300 5059
199 186 219 240 4

202 374 313 433 addere
336 395 418 434 mere
442 377 536 455 epicis
551 377 583 434 in
607 378 784 455 quaestione
799 379 955 456 proposita
970 385 1124 456 praestare
1146 374 1280 449 videtur;
1304 374 1431 432 alterum
1455 384 1555 433 autem

202 499 333 554 carmen,
366 480 447 559 qnod
476 480 630 540 conditum
658 489 704 541 est
733 480 863 566 dialecto
887 482 1007 555 Dorica,
1042 480 1081 538 ad
1105 481 1239 538 carmina
1265 480 1395 550 mimica,
1428 498 1556 556 quorum

200 603 297 644 sermo
319 584 401 643 idem
424 594 479 658 est,
504 585 597 644 satius
622 585 679 644 erit
701 585 831 644 adicere.

289 687 376 762 Quae
404 709 471 748 cum
497 689 540 748 ita
572 689 640 762 sint,
674 689 755 748 bunc
787 689 925 748 ordinem
957 690 988 746 in
1020 688 1148 765 singulis
1181 686 1363 746 carminibus
1391 687 1556 746 tractandis

202 811 323 851 servare
351 814 406 852 nos
429 792 594 872 oportebit:
628 795 756 872 primum
781 795 812 852 in
836 813 1020 872 unaquaque
1051 791 1263 870 disputationis
1291 800 1376 870 parte
1404 790 1555 870 agendum

201 897 258 956 crit
281 897 319 956 de
342 897 525 956 carminibus
548 897 654 956 decem
678 898 836 968 bucolicis,
865 897 976 956 deinde
1000 897 1038 956 de
1062 896 1243 956 carminibus
1265 897 1319 971 IL,
1347 896 1447 968 xlv„
1470 897 1555 966 XV„

199 1001 337 1080 XVHI„
366 1021 455 1080 quae,
485 1010 519 1060 ut
545 1002 687 1061 brevitati
720 1004 920 1075 consulamus,
949 1003 1145 1061 communiter
1170 1002 1290 1060 mimica
1318 1000 1554 1080 adpellabimus;

203 1115 266 1164 turn
294 1105 481 1183 inquiramus
509 1126 630 1167 necesse
650 1108 720 1166 .erit
747 1109 778 1166 in
802 1109 936 1165 carmina
964 1109 1060 1185 epica,
1095 1106 1203 1185 quibus
1231 1105 1395 1166 adimemus
1418 1127 1443 1164 c.
1466 1107 1556 1179 XII,

200 1213 402 1288 fragmentum
417 1218 474 1292 τῆς
491 1213 675 1294 Βερενίκης,
700 1213 919 1290 epigrammata
932 1211 970 1284 L,
986 1211 1076 1271 VIII.
1096 1207 1196 1293 (VH.)
1206 1208 1241 1291 1),
1264 1211 1317 1284 X„
1340 1209 1426 1287 XH.,
1450 1211 1555 1285 XIII„

201 1335 279 1393 quae
303 1317 376 1394 quin
399 1316 532 1394 genuina
555 1317 624 1390 sint,
648 1338 709 1375 non
733 1326 777 1376 est
800 1316 883 1395 quod
899 1316 1085 1389 dubitemus3
1109 1317 1174 1374 loco
1191 1315 1322 1393 denique
1339 1324 1444 1393 quarto
1461 1316 1553 1373 etiam

200 1421 231 1478 in
247 1422 381 1478 carmina
397 1430 428 1480 et
443 1421 669 1500 epigrammata,
695 1440 773 1500 quae
790 1420 900 1479 dubiae
915 1430 987 1480 sunt
1003 1421 1136 1498 originis,
1153 1420 1240 1479 nobis
1255 1418 1468 1497 inquirendum
1486 1419 1553 1479 erit.

289 1523 430 1584 Carmina
453 1535 554 1584 autem
577 1526 631 1584 illa
653 1526 714 1584 tria
730 1525 857 1584 Aeolica
871 1524 1035 1597 XXVIII„
1057 1525 1191 1595 XXIX„
1208 1525 1324 1596 XXX.‚
1349 1532 1382 1581 ut
1397 1543 1476 1601 quae
1491 1544 1552 1580 non

201 1629 331 1688 heroicis
353 1628 492 1688 versibus
514 1631 576 1688 sint
599 1629 777 1708 conscripta,
809 1629 867 1687 hac
895 1631 927 1687 in
956 1630 1134 1707 quaestione
1164 1630 1195 1687 in
1219 1647 1342 1687 censum
1364 1629 1469 1687 venire
1492 1648 1553 1686 non

200 1745 329 1812 posse‘e
351 1753 384 1793 re
406 1735 473 1813 ipsa
495 1735 568 1793 satis
598 1733 707 1796 elucet.
740 1733 820 1792 idem
843 1734 929 1792 valet
952 1733 990 1793 de
1013 1734 1246 1812 epigrammatis,
1275 1753 1354 1812 quae
1377 1733 1437 1791 alio
1461 1742 1554 1809 atque

202 1838 336 1915 elegiaco
359 1846 454 1896 metro
478 1847 547 1897 sunt
570 1838 701 1897 condita.

288 1941 465 2001 Editionem
487 1941 646 2001 Theocriti
670 1942 834 2000 carminum
856 1941 903 1999 his
919 1941 949 2000 in
967 1940 1193 2020 quaestionibus
1209 1961 1318 2020 sequar
1333 1940 1551 2019 Ziegleriauam

200 2047 318 2107 tertiam
334 2045 506 2125 (Tubingae
524 2046 629 2125 1879),
654 2047 696 2105 ita
713 2054 823 2119 tamen,
849 2055 891 2119 ut,
917 2045 1016 2125 quoad
1036 2046 1101 2105 fieri
1123 2046 1244 2124 poterit,
1269 2047 1360 2104 etiam
1384 2055 1551 2104 ceterarum

201 2151 348 2210 rationem
371 2149 510 2209 babeam.

290 2359 310 2424 ¹)
327 2359 419 2408 Priore
441 2374 551 2409 numero
575 2357 739 2424 significatur
759 2357 811 2408 hoc
834 2359 996 2423 epigramma
1014 2358 1043 2406 in
1066 2357 1129 2408 edit.
1150 2357 1317 2423 Ziegleriana
1338 2356 1396 2418 111,
1419 2354 1501 2405 altero
1525 2356 1554 2403 in

201 2445 314 2496 aliorum
333 2445 503 2498 editionibus.
