3300 5059
1425 226 1484 285 185

132 440 313 483 mensura*
331 422 463 480 maxime
493 420 586 494 favet,
603 440 698 499 quae
729 421 822 480 tantis
850 416 1028 482 in'deliciis
1055 419 1161 482 habita
1184 428 1240 500 est,
1267 428 1301 479 ut
1323 428 1431 499 poetae
1453 417 1485 478 in

132 526 305 609 systematis
321 526 436 587 melicis
451 524 598 607 tripodias
613 535 644 585 et
665 525 866 607 pentapodias
881 527 1059 589 acatalectas
1081 547 1203 608 perraro
1213 525 1271 587 sibi
1283 523 1485 607 admitterent,

131 632 162 692 id
184 630 266 713 quod
280 641 361 692 recte
380 629 482 693 Christ
499 632 630 693 ostendit
640 628 882 717 (,Oontinoitut',
902 655 933 714 p.
945 628 984 693 Ι21
997 629 1090 718 sqq).
1110 630 1231 703 accedit
1244 632 1381 706 alterum,
1406 629 1486 711 quod

136 759 153 799 e
175 737 310 819 rhythmi
332 735 401 816 lege
422 756 484 795 non
507 745 572 796 erat
592 737 780 818 permissum,
813 745 852 798 ut
874 758 1004 799 versus
1028 738 1254 799 acatalectus
1276 734 1486 797 trochaicus

134 862 276 905 versum
300 842 506 923 exciperet,
532 843 595 921 qui
618 862 636 900 a
660 842 761 903 thesi
784 844 931 905 initium
955 851 1114 923 caperet.
1149 863 1239 924 quam
1265 860 1400 903 normam
1425 849 1488 900 tam

134 968 240 1010 severe
257 947 434 1008 observasse
456 954 561 1028 poetas
584 945 802 1009 demonstravit
816 944 920 1009 Christ
932 945 968 1034 (l.
980 970 1004 1009 c.
1017 970 1048 1029 p.
1059 943 1124 1032 48),
1146 956 1181 1008 ut
1195 948 1255 1009 nisi
1269 954 1381 1008 mutato
1395 945 1487 1026 plane

133 1052 277 1135 rhythmo
301 1052 352 1113 vel
374 1061 442 1132 post
462 1052 585 1133 plenam
608 1046 905 1135 interpunctionem,
920 1054 968 1115 vel
991 1054 1023 1114 in
1046 1053 1235 1137 stropharum
1252 1051 1407 1129 clausulis,
1435 1051 1487 1113 ubi

134 1157 263 1239 perinde
285 1166 386 1238 atque
418 1159 451 1219 in
483 1157 672 1240 stropharum
698 1161 785 1220 initio
812 1158 872 1220 sibi
899 1159 1090 1221 indulserunt
1112 1159 1250 1222 nonnihil
1271 1168 1391 1241 poetae,
1423 1158 1484 1218 tale

139 1262 212 1344 quid
243 1262 303 1323 sibi
334 1282 395 1323 non
416 1266 637 1327 concesserint.
674 1284 751 1346 quae
783 1285 831 1326 res
859 1273 893 1325 ut
919 1286 979 1326 uno
1002 1265 1108 1325 saltem
1134 1265 1286 1326 luculento
1310 1263 1487 1325 inlustretur

135 1369 285 1449 exemplo,
309 1377 414 1428 contra
436 1367 570 1449 rhythmi
592 1369 675 1449 leges
696 1378 846 1450 peccaret,
871 1370 923 1450 qui
940 1368 1023 1450 Sept.
1039 1351 1070 1429 u.
1089 1370 1150 1432 735
1168 1390 1233 1451 sqq.
1251 1371 1295 1429 ita
1318 1370 1485 1430 metiretur:

232 1472 414 1557 ’κρατηθεὶς
436 1470 472 1535 ἐκ
494 1473 607 1562 φίλων,
622 1472 780 1556 ἀβουλιᾶν
809 1514 825 1535 ι
839 1506 863 1535 n
882 1507 907 1535 n
926 1526 952 1535 -
971 1514 987 1535 a
1006 1514 1101 1537 -o.c
1115 1527 1139 1536 -
1251 1533 1253 1537 .

241 1577 370 1666 γείνατο
392 1575 453 1660 μὲν
474 1578 579 1661 μόρον
601 1577 699 1663 αὐτῷ,
804 1602 807 1606 ’

175 1702 179 1707 ’
241 1682 465 1768 πατροκτόνον
490 1681 681 1761 Οἰδιπόδαν,

243 1789 317 1853 ὅστε
337 1788 458 1872 ματρὸς
480 1787 584 1869 ἁγνὰν

161 1927 165 1932 ·
242 1894 376 1977 σπείρας
397 1895 555 1977 ἄρουραν,
578 1892 618 1956 ἵν’
642 1891 774 1977 ἐτράφη.
815 1946 875 1955 --
892 1932 908 1954 υ
928 1946 951 1954 -
969 1934 986 1954 a
1030 1932 1075 1954 ao
1114 1945 1139 1954 -

134 2000 270 2082 rhythmi
291 2000 373 2059 enim
396 1999 580 2075 continuitas
602 2006 667 2058 tum
689 1996 809 2058 demum
832 2006 977 2081 servatur,
1001 1999 1027 2057 si
1049 2017 1155 2067 versus
1178 1996 1302 2057 secundi
1326 1996 1487 2079 quartique

134 2107 272 2168 ultimam
297 2105 421 2185 longam
454 2124 521 2163 cum
551 2104 707 2184 sequentis
728 2124 834 2165 versus
851 2102 941 2165 thesi
969 2104 1171 2166 consociatam
1202 2102 1355 2183 integrum
1376 2101 1498 2186 pedem¹

133 2214 265 2274 formare
293 2220 394 2271 tecum
412 2209 614 2290 reputaveris,
639 2230 699 2289 quo
721 2211 801 2271 lacto
823 2209 885 2271 iam
912 2200 1118 2290 paenultimae
1140 2215 1245 2271 ternae
1268 2205 1487 2279 adtribuendae

139 2327 209 2381 sunt
231 2336 334 2380 morae
356 2315 438 2376 hunc
460 2316 492 2375 in
514 2314 649 2376 modum:
930 2308 931 2311 ¹
1074 2305 1077 2309 ’

405 2469 411 2474 ,
470 2433 894 2473 ouynssuassnal.
949 2456 974 2467 ...
1069 2456 1095 2466 .-

225 2623 344 2699 Quibus
363 2622 594 2702 adiungendum
617 2634 671 2706 est,
694 2620 774 2705 quod
794 2620 954 2705 dipodicae
973 2622 1173 2705 tripodiarurn
1188 2630 1219 2683 et
1233 2616 1486 2704 pentapodiarum

135 2748 295 2791 mensurae
317 2748 409 2809 saepe
432 2729 581 2789 calculum
603 2729 696 2789 adicit
717 2730 855 2805 hiatus,
879 2750 968 2810 quern
990 2729 1040 2789 hic
1062 2718 1127 2804 illio¹
1142 2729 1173 2788 iu
1191 2726 1331 2789 binorum
1346 2747 1487 2815 versuum

136 2833 273 2896 confiniis
304 2832 515 2915 deprehendis,
554 2835 638 2894 cuius
669 2836 716 2911 ris
749 2832 938 2895 oblitteretur
974 2832 1107 2914 quodam
1139 2814 1232 2893 ‘modo
1267 2852 1364 2913 pausa
1396 2833 1493 2919 unius

135 2941 186 3000 vel
214 2939 340 3000 duarum
367 2941 518 3000 morarum
535 2938 670 3020 adscita,
700 2948 734 3000 ut
756 2948 828 3021 apte
851 2939 1044 3019 conquiescat
1065 2957 1218 3014 numerus,
1248 2946 1277 2999 et
1298 2936 1488 3019 paenultima

135 3047 167 3106 in
195 3044 348 3105 triremem
375 3043 532 3126 producta.
565 3064 600 3104 ac
626 3044 688 3105 iam
709 3043 843 3125 Bentley
866 3042 905 3104 ad
926 3043 1003 3107 Hor.
1028 3038 1127 3105 Oarm.
1150 3042 1202 3103 III
1227 3040 1276 3119 14,
1308 3044 1346 3103 11
1371 3038 1487 3102 hiatum

134 3170 231 3232 pausa
261 3151 388 3211 multum
413 3150 555 3211 amittere
582 3150 756 3213 offensionis
778 3150 862 3209 recte
883 3156 1080 3230 perspexerat
1103 3147 1142 3209 de
1165 3147 1257 3228 Verg.
1281 3146 1360 3207 Aen.
1382 3147 1400 3207 Ι
1422 3148 1485 3209 405

138 3256 194 3330 ,Ει
215 3276 289 3316 vera
309 3257 430 3317 incessu
452 3256 551 3336 patuit
574 3254 641 3316 dea.
664 3256 719 3316 ille
739 3253 793 3315 ubi
815 3262 940 3315 matrem
958 3251 1114 3333 Agnovit!
1137 3253 1213 3314 haec
1236 3251 1397 3314 adnotans:
1421 3252 1486 3329 ,hic

135 3360 299 3442 peculiaris
328 3361 429 3421 hiatus
458 3362 535 3422 ratio
567 3370 621 3424 est.
654 3362 767 3443 quippe
799 3369 867 3441 post
895 3360 961 3420 dea
986 3358 1083 3441 plena
1106 3358 1260 3420 distinctio
1284 3368 1339 3434 est,
1372 3363 1403 3421 et
1424 3366 1488 3419 tum

135 3486 219 3527 nova
240 3466 348 3548 incipit
371 3466 481 3528 oratio:
505 3474 535 3525 et
558 3466 629 3547 quia
652 3466 683 3525 in
706 3462 931 3545 pronuntiando
952 3483 1050 3545 pausa
1072 3462 1109 3524 et'
1124 3484 1228 3525 morae
1250 3460 1381 3545 spatium
1395 3465 1487 3526 inter·

136 3571 224 3648 cedit,
259 3571 327 3632 dea
358 3580 389 3631 et
418 3571 485 3631 ille
512 3590 567 3650 per
589 3569 810 3651 synaloepham
838 3570 1008 3631 coalescere
1039 3569 1164 3629 minime
1187 3566 1375 3630 debuerunt.²
1403 3569 1488 3631 hiatu

135 3678 229 3757 igitur
251 3675 398 3737 adductus
420 3675 468 3734 his
489 3674 569 3734 locis
588 3674 794 3755 paenultimae
817 3673 956 3757 syllabae
978 3673 1088 3754 longae
1109 3682 1170 3735 tres
1187 3673 1324 3735 adtribue
1339 3669 1486 3757 moras¹):

222 3798 306 3858 Pers.
350 3800 412 3859 588
435 3817 479 3877 sq.
505 3796 613 3860 οὐκέτι
634 3806 927 3880 περσονομοῦνται,
1068 3826 1094 3855 s
1106 3834 1137 3857 a,
1151 3850 1173 3856 -
1188 3834 1219 3857 w
1233 3828 1281 3858 um
1299 3849 1322 3859 -
1341 3839 1358 3860 Λ

251 3906 254 3910 ’
432 3928 435 3932 ·
510 3900 579 3965 οὐδ’
602 3899 649 3963 ἔτι
671 3901 942 3985 δασμοφοροῦσιν

221 4007 306 4074 Pers.
351 4009 413 4070 598
436 4028 481 4087 sq.
505 4005 701 4097 αἱμαχθεῖσα
723 4004 751 4067 δ’
768 4004 926 4101 δρουραῖ)

509 4112 651 4185 Αἴαντος
671 4111 866 4195 περικλύστα

132 4269 343 4284 μ·

225 4353 247 4427 ¹)
264 4354 351 4408 Simul
377 4355 498 4423 plerique
528 4354 557 4406 hi
572 4313 639 4405 ¹loci
667 4354 767 4420 optime
794 4353 935 4421 dipodicae
963 4352 1149 4421 obtemperant
1171 4366 1314 4404 mensurae
1333 4356 1485 4404 ceterorum

136 4442 264 4511 strophae
280 4459 406 4495 versum
425 4442 553 4511 analogia
570 4442 724 4509 rhythmica
741 4439 821 4492 valde
839 4441 983 4508 probabili.
1351 4448 1354 4453 ’

222 4527 245 4596 ²)
262 4527 385 4599 ἄρουραν
403 4532 514 4594 Porsen,
532 4530 603 4598 quod
624 4528 767 4580 Wecklein
786 4526 895 4595 recepit
914 4528 962 4579 sed
981 4528 1016 4580 cl.
1034 4526 1159 4601 Teuffelii
1177 4531 1321 4587 comment.
1343 4544 1369 4593 p.
1390 4528 1448 4579 112.
