3300 5059
191 202 253 259 262

191 393 321 470 speciem
344 388 505 465 redigeret,
529 389 648 466 saepius
671 407 736 445 csse
752 396 889 446 coactum
904 389 1014 448 formas
1030 390 1233 450 inusitatiores
1250 390 1403 465 adbibere,
1425 392 1539 472 quippe

196 497 244 555 cui
268 492 443 553 luctandum
469 499 547 550 esset
576 511 642 550 cum
670 492 744 571 ipsis
770 492 894 571 linguae
916 492 1044 553 Latinae
1068 494 1169 554 verbis
1193 496 1279 574 quasi
1302 495 1541 575 repugnantibus

191 598 359 659 hexametri
381 617 486 657 versus
508 598 650 659 numeris.
667 595 720 655 sed
744 597 775 655 in
798 598 973 657 universum
996 597 1043 658 his
1067 598 1104 658 de
1127 600 1217 659 rebus
1239 601 1311 659 satis
1335 609 1416 660 recte
1433 599 1539 660 Oicero

102 772 107 781 ι
190 704 305 765 indicat
326 703 365 763 de
388 723 430 764 or.
453 701 504 760 ΙΙΙ
527 703 579 776 48,
606 703 681 760 184:
707 700 816 780 ‘neque
839 722 912 762 vero
928 701 1003 762 haec
1018 699 1142 786 (oratio)
1158 712 1220 763 tam
1238 724 1337 765 acrem
1355 726 1455 765 curam
1472 704 1539 764 dili·

191 811 386 890 gentiamque
409 805 570 879 desiderat,
588 826 678 885 quam
702 813 747 865 est
770 806 824 865 illa
846 813 1017 886 poetarum,
1037 827 1112 888 quos
1134 810 1300 869 necessitas
1324 812 1405 889 cogit
1427 818 1457 869 et
1479 810 1541 889 ipsi

191 916 308 976 numeri
342 933 377 972 ac
408 910 561 971 modisic
583 909 677 970 verba
701 930 790 970 versu
813 910 979 986 includere,
1004 920 1038 971 ut
1060 912 1137 972 nihil
1160 914 1200 973 sit
1222 934 1261 973 nc
1285 916 1395 995 spiritu
1416 892 1539 995 quidem
1628 978 1629 981 ,

191 1022 314 1080 minimo
347 1018 467 1077 brevius
499 1024 551 1075 aut
582 1016 702 1094 longius
736 1036 826 1095 quam
858 1036 981 1076 necesse
1016 1018 1080 1077 est.’
1112 1038 1172 1098 qua
1193 1021 1372 1079 necessitate
1395 1020 1541 1079 videlicet

193 1127 259 1205 ipso
282 1126 354 1183 satis
376 1122 578 1202 premebatur,
603 1140 670 1180 cum
693 1120 851 1181 accederet
874 1121 992 1181 iuvenis
1015 1121 1053 1181 ad
1077 1125 1209 1183 carmina
1232 1125 1447 1204 componenda.
1485 1126 1541 1184 sed

195 1231 233 1289 ad
256 1230 390 1289 Ennium
413 1235 447 1286 ut
468 1234 664 1299 revertamur,
689 1228 831 1285 refertam
854 1226 946 1286 fuisse
969 1227 1033 1287 eius
1056 1226 1218 1287 dictionem
1243 1230 1407 1310 accipimus
1437 1229 1542 1290 verbo·

48 1341 88 1395 >⁵
190 1357 258 1395 rum
280 1334 384 1393 formis
407 1330 627 1411 antiquioribus
650 1339 681 1389 et
704 1329 848 1390 cotidiani
870 1332 1016 1391 sermonis
1039 1332 1288 1393 consuetudinem
1318 1333 1460 1393 habuisse
1492 1334 1544 1394 hic

190 1441 253 1500 illic
275 1440 356 1499 clare
379 1455 565 1517 expressam3
600 1436 684 1495 velut
705 1435 838 1495 Ennium
861 1456 980 1516 semper
1012 1436 1124 1497 dixisse
1158 1438 1304 1497 ‘Burrum'
1340 1449 1370 1500 et
1394 1438 1541 1518 ‘Bruges',

57 1618 62 1625 .
96 1554 103 1568 ‘
191 1566 289 1625 neque
313 1542 447 1603 anditum
472 1561 537 1600 esse
561 1542 623 1620 ‘qui
647 1535 692 1599 cst
715 1539 852 1600 omnibus
868 1542 1030 1621 princeps’,
1048 1543 1100 1601 ssd
1118 1542 1268 1603 ‘omnibu’
1283 1543 1442 1623 princeps’,
1460 1543 1544 1624 quod

98 1632 120 1683 s
193 1650 313 1731 quidem
336 1648 408 1707 olim
431 1648 536 1707 fuisset
558 1646 691 1725 politius,
715 1646 809 1725 ipsius
833 1643 987 1706 Oiceronis
1019 1654 1117 1707 aetate
1147 1648 1206 1707 iam
1239 1647 1446 1708 subrusticum.
1484 1648 1543 1707 huc

194 1756 286 1814 etiarn
300 1760 418 1832 spectat
433 1750 513 1831 quod
530 1748 635 1809 Cicero
653 1751 767 1830 profert
790 1750 828 1809 dc
851 1750 944 1808 Ennii
967 1770 1078 1830 genere
1103 1751 1223 1811 dicendi
1248 1750 1299 1812 Or.
1326 1756 1541 1828 31,109:‘an

193 1881 247 1939 ego
272 1860 414 1931 Homero,
438 1857 550 1934 Ennio,
574 1855 699 1934 reliquis
721 1854 820 1933 poetis
848 1862 879 1914 et
901 1856 1033 1915 maxime
1056 1857 1177 1935 tragicis
1200 1856 1407 1933 concederem,
1433 1866 1476 1932 ut,
1501 1878 1541 1917 ne

191 1964 327 2024 omnibus
343 1963 418 2021 locis
434 1960 539 2020 eadem
556 1961 748 2022 contentione
765 1947 935 2019 niterentur
951 1960 1118 2041 crebroque
1133 1970 1293 2036 mutarent,
1314 1983 1544 2042 nonnumquam

193 2072 282 2128 etiam
314 2067 352 2126 ad
385 2065 580 2126 cotidianum.
599 2085 693 2143 genus
727 2066 873 2124 sermonis
906 2062 1103 2140 accederent,'
1145 2074 1175 2125 et
1198 2064 1250 2126 Or.
1277 2068 1328 2141 11,
1354 2070 1409 2127 36:
1435 2068 1546 2127 ‘Ennio

191 2173 333 2245 delector,
367 2172 410 2230 ait
442 2170 601 2250 quispiam,
635 2166 715 2247 quod
750 2189 810 2228 non
842 2168 970 2229 discedit
1002 2191 1019 2229 a
1053 2173 1202 2231 communi
1234 2191 1316 2231 more
1353 2171 1534 2231 verborum'.

191 2286 282 2357 atque
314 2296 382 2335 cum
417 2274 535 2333 Ennius
567 2274 686 2353 saepius
720 2272 915 2334 descenderet
947 2273 986 2334 ad
1020 2276 1166 2335 sermonis
1190 2276 1332 2335 cotidiani
1357 2296 1452 2349 usum,
1476 2277 1543 2335 fieri

190 2403 250 2443 non
283 2388 412 2461 poterat,
449 2380 523 2458 quin
556 2377 707 2437 interdum
742 2380 832 2439 nimis
865 2378 922 2437 sibi
954 2379 1138 2458 indulgeret,
1164 2399 1346 2460 quamquam
1369 2382 1423 2440 vix
1444 2390 1545 2461 potest

190 2488 295 2566 negari
328 2505 397 2544 eum
428 2484 525 2563 magis
557 2490 680 2563 propter
712 2484 835 2569 linguae
867 2484 960 2564 ipsius
984 2485 1187 2564 asperitatem,
1211 2506 1301 2565 quarn
1324 2486 1538 2565 neglegentiae

190 2593 319 2652 alicuius
350 2590 495 2668 obsequio
529 2588 705 2669 peccavisse
717 2585 751 2671 ¹).
783 2588 840 2648 boc
872 2597 972 2648 tamen
1005 2588 1236 2649 concedendum
1269 2597 1313 2649 est
1335 2597 1415 2650 recte
1438 2588 1541 2650 dicere

191 2698 367 2758 Ciceronem
389 2696 410 2758 1.
435 2717 460 2755 c.
486 2694 590 2753 ‘multa
613 2692 694 2773 apud
715 2694 850 2752 Ennium
873 2714 938 2753 esse
962 2691 1193 2773 neglegentius.'
1217 2704 1309 2773 atque
1331 2696 1448 2754 invenit
1472 2716 1541 2774 pro-

189 2806 267 2862 fecto
283 2801 405 2860 Tulliae
429 2799 508 2878 qnod
525 2807 643 2858 notaret
658 2782 691 2856 in
707 2780 848 2857 Enniano
867 2797 987 2857 dicendi
1002 2818 1128 2877 genere:
1147 2798 1183 2857 de
1199 2818 1242 2861 or.
1262 2798 1309 2857 [Π
1324 2802 1376 2873 41,
1396 2801 1469 2872 164,
1485 2800 1546 2859 obt·

190 2907 228 2966 de
258 2905 455 2965 translatione
487 2904 595 2982 agitur,
629 2903 763 2963 Ennium
796 2902 870 2961 dicit
900 2902 1027 2963 verbum
1061 2901 1212 2982 quoddam
1250 2905 1404 2982 angustius
1444 2912 1538 2983 atque

192 3012 313 3077 minoris
352 3030 443 3090 quam
481 3008 647 3088 oportuerit
684 3006 827 3087 ponderis
866 3027 1027 3088 usurpasse
1066 3007 1241 3087 ibidemque
1279 3011 1331 3082 40,
1376 3011 1433 3069 16¹2
1472 3010 1542 3067 iure

190 3114 383 3196 reprehendit
414 3113 620 3193 metaphoram
652 3112 690 3171 ab
715 3114 814 3172 Ennio
841 3113 919 3173 false
942 3112 1118 3172 adhibitam.
1145 3119 1215 3192 ‘quo
1238 3112 1271 3175 iu
1294 3132 1408 3191 genere
1428 3110 1538 3195 (trans-

189 3218 333 3296 lationis)’
367 3220 465 3299 inquit
498 3220 638 3297 ‘primum
669 3227 714 3277 est
745 3217 891 3297 fugienda
925 3216 1149 3277 dissimilitudo:
1184 3219 1271 3277 ‘caeli
1303 3218 1439 3297 ingentes
1478 3219 1538 3277 for·
1625 3248 1626 3253 κ

190 3324 284 3384 niccs'
321 3321 392 3405 (inc.
426 3325 447 3385 f.
484 3325 524 3381 33
556 3322 674 3402 Ribb);
714 3324 853 3403 quamvis
890 3322 1058 3401 sphaeram,
1097 3332 1129 3382 ut
1166 3322 1283 3397 dicitur,
1322 3324 1353 3381 in
1392 3343 1536 3382 scaenam

194 3429 337 3489 adtulerit
359 3428 486 3501 Ennius,
522 3435 622 3486 tamen
656 3429 686 3486 in
718 3428 848 3507 sphaera
879 3428 1000 3487 fornicis
1024 3424 1186 3487 similitudo
1209 3449 1270 3489 non
1292 3436 1391 3507 potest
1412 3428 1535 3488 inesse.’

190 3554 250 3613 qua
291 3534 322 3593 in
359 3554 392 3592 re
430 3542 511 3594 certe
548 3533 801 3612 adstipulabimur
834 3531 981 3606 Ciceroni,
1020 3534 1092 3612 quia
1131 3553 1164 3593 re
1200 3555 1273 3595 vera
1311 3516 1387 3593 caeli
1426 3534 1536 3611 ingens

194 3639 312 3698 cavatio
337 3640 435 3698 minus
458 3647 529 3719 apte
552 3640 739 3717 componitur
762 3658 830 3701 cum
854 3646 980 3715 angusto
1013 3659 1085 3698 arcu
1120 3638 1303 3717 triumphali.
1337 3638 1389 3697 sed
1414 3636 1535 3711 Oiccro,

192 3745 277 3824 quasi
309 3743 389 3803 hunc
421 3745 513 3803 Ennii
546 3763 675 3825 errorem
703 3744 803 3802 statim
826 3743 921 3803 vellet
944 3743 1086 3821 obtegere
1109 3742 1242 3803 eiusdem
1265 3744 1409 3803 virtutum
1432 3742 1539 3830 laude,

192 3853 366 3929 exemplum
388 3849 488 3909 adfert
511 3869 547 3908 ex
572 3849 667 3909 Aiace
698 3855 733 3910 ut
756 3848 876 3907 videtur
904 3848 1092 3928 desumptum
1104 3844 1142 3931 ²),
1175 3870 1234 3927 quo
1268 3846 1414 3921 ostendat,
1449 3868 1544 3927 quam

190 3963 261 4034 apte
292 3954 349 4014 hac
381 3956 477 4034 figura
514 3953 581 4014 aliis
611 3954 687 4015 locis
718 3974 791 4015 usus
825 3955 865 4012 sit
887 3953 1014 4014 Ennius.
1048 3952 1186 4033 adiungit
1218 3954 1298 4013 enim
1333 3952 1387 4012 hos
1418 3972 1543 4011 versus:

678 4090 758 4157 ‘uiua
776 4092 878 4154 Ulixes,
898 4088 959 4140 dfrm
980 4090 1054 4140 licet.

395 4178 480 4231 oculis
499 4185 665 4246 postremum
683 4177 773 4230 himen
791 4176 923 4229 radiatum
943 4176 1031 4243 rape'
1051 4177 1114 4244 (inc.
1133 4178 1184 4228 inc.
1204 4178 1223 4230 f.
1241 4180 1274 4229 29
1292 4177 1335 4244 R.)

293 4338 312 4402 1)
331 4337 371 4389 Of.
391 4338 484 4388 Koene
502 4336 601 4389 ‘Ueber
628 4337 679 4387 den
702 4335 943 4402 Sprachgebrauch
974 4335 1020 4386 der
1044 4336 1185 4387 roemisch.
1204 4301 1302 4400 Epis),
1320 4306 1439 4386 Monast.
1461 4336 1542 4416 1841),

188 4442 214 4490 p.
234 4429 257 4475 4.
279 4429 302 4475 a
321 4428 372 4475 aas
391 4431 443 4477 oto.
1119 4446 1121 4449 ·
1225 4478 1227 4481 .

298 4510 319 4577 2)
340 4513 369 4562 Si
388 4514 496 4577 quidem
514 4518 585 4565 recte
605 4513 719 4564 coniecit
738 4511 875 4578 Ribbeck3
896 4510 928 4561 cf.
947 4510 1040 4561 Roem.
1059 4511 1139 4577 Trsg.
1158 4526 1184 4575 p.
1204 4512 1261 4561 132.
