3300 5059
198 153 262 211 ‘250

196 341 370 421 singulatim
401 338 540 418 pluribus
572 339 748 397 examinare
780 346 872 416 atquc
911 357 1124 417 quamsaepe
1155 335 1262 397 Cicero
1294 345 1345 396 aut
1376 338 1423 396 sui
1454 338 1547 417 ipsius

197 447 339 528 opinione
362 453 465 521 captus
488 452 540 503 aut
561 444 753 524 popularium
776 442 883 501 ductus
918 440 1092 502 adulatione
1114 442 1145 501 in
1169 462 1302 501 errorem
1323 442 1474 516 inciderit,
1506 444 1548 501 in·

197 554 325 632 quirere,
357 570 458 631 neque
490 557 622 609 nostrum
655 555 702 607 est
732 554 763 607 et
794 546 833 605 ab
868 547 983 625 Langio
1018 547 1096 605 hanc
1123 566 1188 606 rem
1210 549 1270 606 iam
1294 546 1462 607 absolutam
1486 566 1549 607 esse
1632 546 1633 555 ’

196 657 295 721 video.
340 675 439 735 neque
461 664 563 714 tamen
585 656 686 713 facere
709 672 842 732 possum,
868 654 941 733 quin
964 671 1063 731 pauca
1085 652 1204 711 addam.
1237 650 1318 732 quod
1341 652 1422 711 enim
1445 653 1551 731 Lange

197 762 373 823 Ciceronem
411 759 570 840 gradatim,
610 767 644 818 ut
680 760 723 817 ita
755 758 863 833 dicam,
903 756 1088 819 Graecorum
1121 766 1151 818 et
1181 759 1336 837 ingenium
1368 766 1399 817 et
1434 758 1549 817 litteras
1632 842 1633 845 Ἴ

196 869 373 947 cognovisse
396 875 427 926 et
449 866 536 925 annis
559 864 650 945 paulo
673 868 896 944 provectiorem
918 865 1029 923 iustum
1052 863 1110 923 sibi
1133 864 1255 923 finxisse
1277 862 1316 922 de
1339 864 1382 922 eis
1405 862 1550 921 iudicium

196 981 307 1046 censet,
341 970 398 1029 hac
419 974 450 1029 in
473 988 506 1028 re
529 989 598 1028 eum
622 970 770 1028 erravisse
792 977 877 1049 puto.
915 970 1068 1048 proiectus
1092 969 1173 1027 enim
1195 990 1225 1049 p.
1252 968 1270 1026 7
1294 967 1332 1027 ab
1355 968 1422 1028 loco
1446 967 1483 1027 de
1506 989 1549 1027 or.
1632 968 1633 1009 i

195 1076 212 1135 Ι
235 1079 265 1150 4,
292 1078 330 1135 15
359 1073 507 1159 (ingenia
529 1095 600 1133 vero
623 1083 792 1135 nostrorum
816 1120 823 1135 .
850 1119 856 1132 .
882 1122 889 1137 .
913 1074 1067 1133 bominum
1090 1074 1218 1133 multum
1247 1075 1354 1134 ceteris
1377 1073 1549 1133 hominibus
1632 1148 1633 1153 ἵ

196 1183 329 1241 omnium
352 1181 485 1260 gentium
507 1179 743 1260 praestiterunt’)
775 1167 833 1239 hoc
862 1180 893 1238 in
916 1179 1021 1258 primis
1048 1181 1160 1258 premit
1205 1178 1297 1239 libros
1330 1180 1367 1239 de
1391 1186 1508 1239 oratore
1532 1200 1551 1238 a
1632 1248 1633 1267 χ

197 1286 342 1345 Cicerone
377 1286 559 1365 conscriptos
583 1304 649 1345 esse
680 1286 739 1343 ianr
765 1306 792 1344 a.
818 1282 950 1369 699s55.
997 1284 1106 1344 deinde
1128 1286 1172 1343 sic
1194 1286 1310 1365 pergit:
1337 1285 1435 1344 ‘facile
1458 1286 1552 1363 igitur

196 1399 296 1471 potest
315 1392 416 1471 putari
439 1411 507 1450 enm
530 1390 584 1450 illo
615 1400 760 1469 tempore,
800 1410 860 1469 quo
893 1389 1027 1449 nondum
1061 1390 1103 1449 ita
1127 1389 1289 1470 diligenter
1310 1392 1342 1450 in
1366 1388 1551 1450 Graecorum

196 1497 304 1556 litteris
328 1503 390 1556 erat
418 1504 565 1569 versatus,
600 1496 697 1555 minus
730 1516 818 1575 quam
851 1504 958 1575 postea
988 1494 1095 1555 harum
1127 1496 1269 1555 virtutem
1304 1514 1340 1554 ac
1372 1495 1551 1573 dignitatem

196 1602 317 1661 novisse
349 1646 356 1659 .
381 1646 388 1661 .
413 1649 420 1662 .
446 1600 463 1659 .’
502 1609 533 1659 at
565 1596 673 1663 Oicero
707 1602 739 1660 in
771 1599 878 1660 eodem
910 1599 987 1659 libro
1021 1598 1103 1681 (16,
1129 1596 1184 1682 22)
1209 1599 1341 1659 Graecos
1371 1601 1496 1680 ingenio
1520 1608 1552 1659 et
1632 1616 1633 1627 ³

196 1704 331 1766 doctrina
355 1704 428 1765 dicit
450 1704 613 1780 abundare,
637 1705 718 1765 unde
734 1706 866 1785 perspici
881 1714 983 1786 potest
996 1726 1065 1764 eum
1081 1702 1265 1765 Graecorum
1282 1705 1407 1784 ingenia
1422 1706 1551 1765 litteras-
1632 1762 1633 1791 ,

197 1831 255 1892 que
278 1832 313 1871 eo
335 1812 412 1890 ipso,
438 1830 497 1890 quo
520 1809 552 1868 hi
575 1809 646 1869 libri
670 1811 775 1889 scripti
798 1819 878 1884 sunt,
902 1819 1038 1891 tempore
1062 1811 1132 1870 satis
1155 1810 1216 1869 iarn
1231 1818 1389 1890 perspecta
1410 1808 1553 1871 habuisse
1632 1794 1633 1825 ³

196 1935 295 1995 neque
326 1916 370 1974 ita
400 1916 488 1995 parvi
523 1915 641 1974 fecisse.
688 1904 874 1994 quidquod
907 1915 1041 1994 quinque
1073 1916 1170 1974 annis·
1193 1922 1263 1974 ante
1286 1935 1375 1995 quam
1397 1914 1490 1975 libros
1514 1916 1553 1975 de

198 2028 315 2079 oratore
338 2020 516 2099 composuit,
540 2019 578 2077 ad
590 2018 739 2094 Quintum
755 2022 878 2079 fratrem
888 2019 972 2080 dedit
980 2020 1108 2094 litteras,
1125 2039 1204 2100 quae
1215 2018 1399 2079 Graecorum
1410 2018 1551 2079 laudibus

197 2124 377 2185 redundant
423 2132 469 2183 est
501 2125 632 2205 epistula
663 2124 716 2182 illa
750 2125 781 2206 (I
804 2127 833 2199 1,
857 2122 922 2208 28),
956 2146 1016 2205 qua
1046 2127 1178 2199 fratrem,
1211 2145 1278 2184 cum
1316 2128 1453 2205 iamper
1476 2126 1553 2186 duos

198 2251 293 2294 annos
315 2229 420 2288 Asiam
454 2229 640 2308 provinciam
678 2249 734 2308 pro
764 2238 904 2310 praetore
936 2230 1173 2291 administrasset
1205 2232 1330 2311 eiusque
1364 2230 1552 2292 administra-

198 2336 289 2395 tionis
311 2336 394 2394 fama
416 2335 514 2394 minus
537 2334 669 2394 secunda
692 2334 857 2409 videretur,
894 2336 1064 2396 cohortatus
1097 2344 1151 2410 est,
1183 2345 1216 2395 ut
1237 2337 1337 2395 famae
1360 2339 1554 2415 suaema'gis

190 2442 377 2522 consuleret.
402 2460 471 2499 nam
493 2448 601 2500 sortem
625 2441 690 2499 eius
714 2460 780 2502 csse
803 2440 884 2501 haud
907 2442 1118 2514 miserandam,
1144 2462 1210 2501 curn
1234 2462 1294 2502 non
1318 2442 1357 2501 sit
1377 2444 1551 2521 praefectus

198 2546 343 2609 barbaris.
367 2554 431 2604 tum
451 2546 495 2605 ita
516 2548 617 2626 pergit
640 2551 718 2605 ‘curn
739 2567 812 2606 vero
837 2548 865 2607 ei
889 2549 993 2627 generi
1012 2542 1164 2609 homiuum
1182 2549 1358 2628 praecimus,
1382 2568 1443 2622 non
1459 2548 1551 2607 modo

198 2652 231 2710 in
254 2672 314 2732 quo
336 2650 404 2730 ipsa
427 2651 475 2724 sit,
509 2650 562 2710 sed
597 2652 687 2710 etiam
719 2670 736 2709 a
770 2672 830 2732 quo
863 2651 902 2711 ad
926 2653 1001 2713 alios
1024 2653 1201 2733 pervenisse
1223 2661 1345 2734 putetur
1368 2654 1553 2729 humanitas,

200 2764 280 2816 certe
303 2757 347 2815 eis
370 2775 438 2815 eam
460 2756 650 2835 potissimum
674 2755 805 2817 tribuere
822 2755 974 2833 debemus,
1000 2757 1142 2838 aquibus
1160 2761 1340 2840 accepimus.
1363 2780 1433 2818 non
1458 2761 1555 2819 enirn

198 2880 251 2920 me
273 2860 427 2920 bociam
452 2861 574 2920 dicere
594 2861 748 2940 pudebit
770 2909 779 2925 .
804 2910 810 2923 .
836 2908 843 2921 .
868 2884 931 2923 nos
956 2883 1009 2937 ea,
1033 2883 1126 2943 quae
1143 2865 1337 2924 consecuti
1353 2884 1481 2939 sumus,
1501 2866 1556 2925 eis

199 2967 331 3025 studiis
356 2974 390 3025 et
413 2965 553 3025 artibus
576 2986 656 3026 esse
679 2966 850 3047 adeptos,
880 2988 973 3047 quae
996 2968 1203 3029 sint-nobis
1227 2967 1409 3030 Graeciae
1432 2990 1556 3029 monu-

198 3073 328 3130 mentis
352 3071 641 3151 disciplinisque
663 3072 822 3134 tradita.'
860 3093 932 3132 num
955 3074 1047 3152 igitur·
1071 3072 1176 3133 Cicero
1201 3076 1288 3135 annis
1312 3074 1431 3134 demum
1453 3084 1557 3154 poste-

193 3175 335 3249 rioribus,
366 3196 433 3235 cum
456 3184 535 3236 totus
557 3178 666 3236 litteris
690 3198 723 3237 se
746 3177 837 3252 dedit,
861 3178 1027 3237 litterarum
1051 3178 1236 3239 Graecarum
1260 3179 1436 3257 dignitatem
1460 3181 1560 3260 plane

198 3281 375 3362 perspexit?
387 3282 477 3341 immo
489 3302 527 3341 ex
536 3302 571 3340 co
581 3290 725 3363 tempore,
738 3304 796 3363 quo
813 3283 905 3341 animi
917 3282 1075 3343 excolendi
1092 3304 1183 3345 causa
1192 3274 1228 3345 in¹
1236 3283 1396 3347 Graeciam
1407 3295 1436 3345 et
1447 3285 1560 3346 Asiam

197 3391 343 3446 minorem
354 3394 418 3445 erat
434 3387 596 3466 profectus,
609 3396 689 3447 certe
704 3387 907 3461 intellexerat,
925 3390 1028 3467 quanti
1046 3391 1232 3449 aestimanda
1249 3401 1349 3451 essent
1366 3391 1557 3452 Graecorum

197 3492 319 3569 ingenia
342 3500 431 3569 atque
452 3492 579 3568 litterae,
603 3490 695 3571 idque
719 3513 754 3551 eo
778 3494 883 3571 magis,
907 3492 985 3573 quod
1009 3494 1070 3553 iam
1094 3516 1112 3555 a
1134 3516 1228 3575 puero
1245 3497 1371 3556 multum
1387 3517 1500 3576 operae
1525 3508 1562 3557 et

198 3596 341 3675 temporis
364 3605 590 3677 consumpserat
605 3599 637 3655 in
652 3598 761 3656 litteris
777 3595 904 3656 Graecis
921 3598 1146 3677 cognoscendis.
1157 3596 1182 3685 ¹)
1197 3600 1271 3679 quid
1293 3602 1385 3679 igitur
1402 3610 1475 3675 erat,
1502 3623 1561 3662 cur

199 3699 316 3774 Oicero,
340 3720 407 3759 cum
429 3703 490 3760 iam
511 3701 628 3781 pridem
653 3701 691 3762 de
705 3702 875 3761 litterarum
892 3702 1077 3764 Graecarum
1093 3706 1204 3765 virtute
1220 3726 1255 3765 ac
1272 3706 1421 3785 dignitate
1439 3714 1559 3767 certam

198 3805 316 3864 iniisset
345 3815 435 3885 atque
458 3806 529 3865 satis
551 3806 659 3864 iustam
683 3807 771 3867 credo
788 3809 989 3883 sententiam,
1003 3818 1104 3869 tamen
1120 3818 1165 3869 tot
1179 3810 1253 3870 locis
1270 3798 1419 3871 Romanos
1434 3812 1561 3891 ingenii

199 3912 337 3969 acumine
353 3910 522 3990 superiores
540 3929 605 3969 csse
622 3909 746 3972 Graccis
762 3913 980 3975 contenderet?
1003 3916 1127 3993 longum
1144 3924 1189 3974 est
1204 3936 1317 3991 omnes,
1341 3935 1421 3995 quae
1437 3916 1561 3977 adferri

199 4022 332 4093 possunt,
357 4034 462 4074 causas
479 4033 664 4090 enumerare,
690 4016 741 4076 sed
758 4018 834 4077 haec
848 4020 945 4098 primo
961 4018 1027 4077 loco
1044 4028 1088 4078 est
1098 4018 1296 4098 respicienda,
1316 4020 1398 4101 quod
1414 4021 1560 4082 homines

199 4120 337 4192 Romani,
371 4120 424 4196 qni
450 4120 510 4177 iarn
541 4120 705 4199 antiquitus
738 4123 870 4180 animum
903 4124 1000 4201 magis
1032 4123 1224 4184 adverterant
1256 4124 1294 4184 ad
1325 4125 1407 4185 bella
1429 4134 1562 4187 strenue

199 4222 333 4303 gerenda
356 4232 387 4283 et
407 4244 471 4282 rem
494 4224 646 4303 publicam
667 4224 746 4285 bene
770 4225 1037 4287 administrandam
1066 4249 1155 4308 quam
1179 4229 1217 4287 ad
1248 4230 1416 4293 litterarum
1441 4232 1561 4307 studia,

306 4432 325 4496 ¹)
346 4433 418 4483 Suet.
439 4433 472 4483 de
492 4432 556 4483 clar.
575 4432 640 4484 rhet.
660 4436 685 4499 2,
704 4434 759 4485 Cic.
779 4432 812 4484 de
832 4435 875 4485 off.
894 4435 908 4484 1
927 4438 951 4499 1,
971 4438 994 4499 2,
1014 4438 1088 4489 Brut.
1107 4439 1149 4503 90,
1169 4438 1228 4488 310.
