3300 5059
196 163 236 222 32

194 354 351 416 adnotavit
372 354 460 416 baec:
485 353 503 418 ὁ
525 332 647 436 πολμὴν
673 355 794 437 Θόρσος
809 350 938 417 ἐπαινεῖ
951 352 1078 417 ἑαυτόν.
1103 353 1141 414 G.
1151 355 1309 414 Hermann
1325 362 1435 430 autem,
1463 375 1575 435 quem

194 462 289 520 secuti
312 465 383 524 sunt
404 459 525 520 Ahrens
549 467 579 517 et
600 457 743 518 Meineke
764 459 797 518 in
820 457 891 518 edit
914 457 984 532 HL,
1003 460 1196 537 scripturam,
1222 479 1300 538 quae
1332 456 1439 520 citeris
1470 460 1575 523 libris

195 563 363 637 exhibetur,
395 561 445 626 ἅδ’
470 560 492 626 ἁ
523 561 620 645 mmcd
651 563 813 622 Theocrito
844 561 1002 622 vindicare
1033 561 1148 621 studuit
1161 557 1197 645 ¹).
1239 583 1329 642 quam
1369 567 1570 624 sententiam

196 667 331 728 sustine
362 668 461 727 vorce
487 668 614 727 conisus
645 688 696 726 vv.
721 667 770 726 m
793 669 833 726 ss
856 662 895 729 εν
915 672 1058 747 χειμῶνι,
1079 665 1142 725 xv
1167 668 1227 726 145
1256 665 1426 750 telasa,
1459 648 1573 728 xxv

197 773 257 832 173
289 769 326 834 ἐκ
355 773 516 855 Περσῆος,
547 791 673 851 quorum
698 772 832 830 omnium
864 790 984 850 prorsus
1015 770 1076 829 elia
1107 780 1155 830 est
1182 759 1334 846 condicio;
1366 791 1437 833 nam
1462 792 1569 832 unus·

196 877 323 957 quisque
358 877 463 936 horum
500 895 641 936 versuum
673 896 748 935 voce
784 876 889 934 finitur
924 874 1097 954 trisyllaba,
1135 896 1214 954 quae
1249 896 1315 936 cum
1347 876 1570 957 praecedente

197 977 408 1060 monosyllaba
442 980 535 1040 efficit
566 979 775 1059 dispondeum.
807 979 840 1039 iu
872 1000 908 1039 eo
939 988 1049 1053 autem,
1082 977 1165 1058 quod
1184 980 1314 1058 Thyrsis
1341 1000 1428 1041 suum
1456 981 1569 1060 ipsius

197 1093 317 1143 cantum
339 1082 452 1157 laudat,
476 1083 558 1144 haud
579 1089 665 1143 tanta
686 1085 785 1144 inesse
807 1084 930 1143 videtur
952 1083 1086 1157 offensio,
1111 1092 1255 1162 quantam
1284 1083 1384 1144 inesse
1399 1085 1565 1164 putabant

194 1189 330 1248 homines
354 1188 454 1264 docti;
476 1191 512 1249 cf.
538 1209 617 1269 quae
640 1189 783 1274 exposuit
804 1188 962 1248 Fritascbe
982 1187 1056 1247 edit.
1079 1189 1184 1248 maior.
1207 1209 1238 1268 p.
1262 1191 1303 1249 35
1327 1209 1372 1269 sq.

280 1290 445 1353 Vocabulis
467 1293 636 1373 trisyllabis
652 1291 834 1353 Theocritus
855 1293 887 1350 in
903 1311 1008 1351 versus
1031 1293 1116 1363 exitu
1132 1291 1351 1371 spondiazonte
1366 1294 1565 1375 quinquiens

196 1396 318 1457 deciens
340 1417 411 1459 usus
435 1406 489 1472 est,
513 1399 634 1458 sexiens
656 1417 730 1457 vero
753 1398 806 1471 ita,
830 1407 864 1456 ut
879 1417 940 1457 vox
955 1398 1047 1478 trium
1062 1396 1251 1476 syllabarum
1267 1418 1334 1458 cum
1349 1396 1563 1476 praecedente

194 1501 405 1581 monosyllaba
427 1511 492 1562 arte
514 1521 629 1562 conexa
652 1500 852 1584 dispondeum
876 1497 1036 1584 efficiat2).
1059 1520 1160 1581 neque
1183 1501 1290 1560 ceteris
1310 1502 1384 1561 locis
1400 1502 1475 1583 quin
1495 1521 1560 1562 vox

195 1605 358 1684 trisyllaba
380 1607 412 1665 in
433 1608 495 1666 fine
517 1626 622 1668 versus
645 1608 745 1686 posita
767 1615 832 1672 arte
854 1625 888 1665 se
910 1604 1043 1684 adplicet
1065 1604 1106 1665 ad
1127 1604 1310 1665 vocabulum
1332 1614 1557 1683 antegressum,

200 1707 333 1770 dubitari
355 1719 468 1791 potest3
493 1711 642 1790 reperitur
665 1710 745 1771 enim
768 1718 821 1771 aut
843 1709 1066 1771 substantivum
1089 1729 1157 1770 cum
1180 1709 1332 1786 adiectivo
1354 1730 1408 1770 suo
1424 1710 1477 1770 vel
1493 1709 1558 1769 alia

199 1833 274 1874 voce
306 1809 399 1874 simili
420 1813 453 1874 in
477 1815 561 1875 exitu
580 1834 685 1875 versus
708 1815 840 1894 positum
864 1822 917 1873 aut
940 1812 1066 1872 verbum
1089 1833 1157 1872 cum
1180 1811 1327 1872 adverbio
1351 1813 1557 1874 antecedente

197 1917 400 1992 coniunctum,
434 1927 487 1979 aut
515 1919 577 1977 alia
602 1920 720 1978 ratione
744 1937 842 1996 eaque
864 1917 955 1976 simili
978 1908 1172 1977 cohaerentia
1195 1917 1334 1978 eflicitur.
1367 1938 1427 1977 uno
1451 1927 1556 1977 autem

199 2041 290 2081 versu
322 2032 449 2100 excepto
482 2023 589 2104 (XXV
613 2017 668 2106 98)
697 2042 758 2081 vox
791 2023 931 2081 ultimum
961 2021 1131 2080 hexametri
1159 2020 1340 2085 vocabulum
1370 2021 1557 2081 antecedens

196 2145 315 2206 semper
336 2127 432 2185 tribus
455 2127 506 2187 vel
528 2126 665 2206 pluribus
688 2121 1008 2212 constat‘syllabisl).

282 2230 387 2310 Longe
423 2231 667 2310 frequentissime
702 2226 887 2291 Theocritus
927 2232 1041 2310 pariter
1076 2239 1169 2310 atque
1207 2230 1261 2290 alii
1299 2237 1409 2310 poetae
1445 2249 1555 2290 versus

196 2334 375 2412 spondiacos
403 2334 529 2397 vocibus
560 2335 646 2396 finire
677 2335 796 2395 solebat
826 2335 1047 2416 tetrasyllabis;
1081 2344 1164 2393 certe
1196 2334 1274 2393 dnae
1302 2333 1425 2414 quidem
1452 2343 1554 2412 partes

196 2439 358 2521 (LXXIV)
383 2441 516 2499 omnium
538 2440 790 2512 hexametrorum,
822 2460 949 2518 quorum
981 2459 1035 2518 pes
1058 2439 1181 2517 quintus
1204 2437 1384 2517 spondiacus
1408 2446 1462 2512 est,
1494 2437 1552 2496 hoc

196 2538 285 2602 modo
324 2543 533 2602 terminantur.
571 2564 607 2603 ac
644 2543 801 2602 dimidium
835 2540 899 2604 fere
931 2538 1086 2626 (XXXV)
1118 2562 1226 2602 vocum
1256 2541 1377 2600 Illarum
1409 2548 1551 2619 quattuor

196 2645 330 2724 syllabas
357 2648 602 2726 amplectentium
629 2648 801 2708 nominibus
829 2649 967 2722 efficitur,
1000 2647 1095 2706 altera
1117 2667 1187 2727 pars
1210 2641 1413 2728 (XXXVIII)
1435 2644 1549 2718 verbis;

195 2748 288 2808 semel
310 2749 488 2811 adverbium
511 2762 653 2831 quattuor
674 2753 861 2832 syllabarum
883 2753 915 2811 in
938 2753 998 2811 fine
1021 2771 1127 2810 versus
1149 2749 1307 2830 spondiaci
1329 2750 1450 2828 legitur.

282 2855 319 2914 In
353 2856 477 2917 nomina
508 2868 608 2918 autem
639 2857 838 2933 tetrasyllaba
869 2858 901 2917 in
933 2858 1005 2917 solis
1035 2858 1099 2916 fere
1122 2853 1305 2914 carminibus
1329 2854 1424 2934 epicis
1446 2872 1548 2912 versus

196 2959 460 3038 σπονδειάζοντες
499 2961 613 3023 habent
654 2964 779 3036 exitum,
821 2982 985 3042 numquam
1025 2961 1057 3020 iu
1092 2959 1217 3040 edylliis
1249 2958 1359 3030 bucol,
1392 2956 1485 3018 semel
1517 2957 1546 3014 in

197 3171 400 3179 ———

284 3309 304 3375 ¹)
324 3309 374 3359 ‘De
392 3313 448 3359 arte
465 3309 554 3374 poesis
573 3307 735 3360 Graecorum
752 3308 849 3359 bucol?
869 3307 998 3375 Opuscul.
1017 3307 1090 3371 VIII,
1108 3323 1134 3372 p.
1154 3308 1213 3357 330.

286 3394 308 3464 ²)
327 3397 396 3448 Sunt
414 3396 441 3445 bi
458 3395 523 3446 loci:
561 3399 590 3460 a)
607 3396 647 3445 XI
664 3398 698 3448 58
722 3394 756 3446 τὰ
774 3393 805 3446 δὲ
822 3395 925 3461 γίνεται
943 3391 973 3446 ἐν
989 3393 1157 3463 χειμῶντςό)
1181 3393 1232 3442 XV
1250 3394 1284 3442 83
1302 3384 1394 3456 σοφόν
1414 3404 1456 3439 τοι
1471 3393 1536 3456 χρῆμ

197 3481 362 3550 ὥνθρωπος,
381 3484 431 3534 146
450 3481 610 3550 σοφώτερον
622 3481 640 3533 ἁ
652 3482 763 3550 θήλεια,
774 3488 796 3548 c)
807 3484 887 3533 XXII
898 3485 932 3532 43
942 3478 1064 3549 ἐπιβρύει
1081 3479 1117 3531 ἄν
1125 3482 1267 3546 λειμῶνας,
1279 3477 1355 3528 XXV
1364 3478 1398 3527 25
1414 3472 1544 3543 τριπόλοις

197 3567 302 3637 σπόρον
318 3565 349 3620 ἐν
366 3572 486 3636 caroloco,
507 3573 556 3622 173
574 3569 768 3637 μιμνήσκομαι,
785 3566 815 3622 ἐκ
834 3570 967 3637 Περσῆος.
1377 3562 1379 3567 ’
1510 3629 1513 3633 ,

284 3659 304 3724 ³)
324 3657 365 3709 Oi.
384 3656 407 3723 h)
427 3659 477 3707 XV
498 3661 547 3709 110
565 3654 690 3726 θνγατὴρ
722 3656 815 3725 Ἑλένᾳ
834 3654 922 3708 εἰκαῖα
948 3657 1012 3718 (nisi
1045 3657 1112 3707 forte
1130 3656 1156 3705 h.
1174 3655 1192 3704 l.
1211 3652 1334 3704 similiter
1351 3656 1432 3717 atque
1448 3650 1476 3698 in
1492 3648 1541 3697 Ho-

196 3761 268 3798 mero
291 3740 380 3796 ἐικυῖα
395 3743 539 3810 legendum
558 3751 605 3810 est,
628 3745 661 3796 cf.
684 3746 725 3796 La
742 3745 839 3795 Rochii
861 3745 977 3796 ‘Homer
996 3743 1109 3794 Unters.'
1132 3758 1158 3807 p.
1180 3742 1214 3790 84
1233 3738 1299 3807 sq),
1320 3740 1369 3789 133
1388 3734 1481 3802 κύματ’
1503 3729 1541 3784 ἐπ’

197 3830 271 3884 deduc
298 3832 432 3898 πτύοντα,
458 3836 480 3897 c)
509 3834 575 3882 XIII
602 3835 635 3883 42
663 3830 708 3883 καὶ
737 3827 865 3896 εὶλιτενὴς
890 3829 1031 3897 ἄγρωστις,
1050 3831 1114 3880 XVI
1140 3832 1174 3879 56
1192 3825 1403 3893 περίσπλαγχνος
1419 3820 1541 3887 Λαέρτης,

198 3924 230 3972 76
248 3918 295 3972 ὑπ’
313 3917 394 3988 ἠελίῳ
413 3918 532 3985 δύνοντι,
549 3920 626 3970 XVII
638 3922 670 3970 te
679 3917 957 3987 χθαμαλὰΑἴγοπτος,
966 3918 1045 3968 XXII
1064 3919 1115 3967 174
1133 3911 1310 3982 ἀποσχομένω
1330 3909 1453 3977 ὑσμίνης,
1461 3908 1540 3956 XXIV

198 4013 248 4061 110
268 4005 468 4074 Φιλαμμονίδας
485 4005 638 4073 Εὔμολπος,
656 4007 731 4056 XXV
750 4009 783 4057 98
802 4002 880 4072 σηκοὶ
898 4003 928 4056 δὲ
937 4003 1013 4072 βοῶν
1022 4003 1082 4071 ῥεῖα
1091 4003 1262 4070 πλήσθησαν.
1274 4015 1342 4067 quae
1353 4015 1385 4049 ex
1402 3994 1539 4054 vocabulis,

197 4098 294 4162 quibus
311 4095 470 4146 Theocritus
482 4110 574 4145 versus
588 4094 747 4158 spondiacos
765 4092 840 4143 linire
858 4093 935 4157 solet,
946 4095 1025 4142 etiam
1035 4092 1091 4156 alii,
1103 4093 1132 4141 in
1141 4092 1233 4156 primis
1246 4090 1292 4155 qni
1304 4092 1367 4138 ante
1379 4082 1538 4133 Theocritum

196 4184 311 4247 fuerunt,
329 4188 425 4248 poetae
444 4183 538 4232 eodem
556 4181 634 4230 modo
653 4181 808 4245 usurparint
825 4195 948 4246 quaeque
967 4180 1040 4230 solus
1058 4180 1222 4236 Theocritus,
1240 4177 1259 4227 h
1285 4175 1303 4226 1.
1317 4185 1446 4238 exponere
1458 4182 1537 4232 super·

120 4329 124 4336 .
197 4272 288 4322 sedere
300 4287 379 4336 posse
391 4269 455 4319 mihi
468 4268 568 4332 videor,
589 4283 649 4317 cum
668 4283 700 4317 ex
717 4267 865 4317 Ludwichii
877 4267 955 4331 libro,
972 4267 1020 4316 ubi
1031 4283 1056 4331 p.
1070 4268 1104 4316 46
1116 4282 1173 4331 sqq.
1193 4266 1283 4315 omnia
1299 4258 1440 4322 vocabula,
1452 4255 1537 4322 quibus

197 4357 269 4422 apud
282 4356 443 4408 Graecorum
456 4361 549 4420 poetas
566 4370 660 4405 versus
673 4352 895 4415 σπονδειάζοντες
907 4355 1089 4418 terminantur,
1100 4369 1147 4418 per
1159 4353 1260 4402 litteras
1273 4351 1377 4415 digesta
1393 4346 1536 4403 referuntur,

197 4441 323 4493 facillime
342 4442 370 4491 id
387 4443 471 4507 possit
489 4443 623 4506 cognosci.
