3300 5059
1424 242 1483 309 3'41

21 412 27 471 i
141 431 262 492 induxit
276 428 427 494 Lucilius:
444 429 482 508 Q.
493 432 640 494 Granium
656 454 837 515 praeconem
853 430 905 518 (ad
921 434 986 496 Au.
997 420 1043 498 VI
1060 440 1089 511 3,
1107 439 1141 513 73
1165 440 1250 500 B1ut.
1272 443 1323 516 43,
1342 442 1417 518 1603
1434 445 1485 517 46,

141 533 227 621 172),
251 538 388 599 Persium
404 536 546 599 ‘omnium
568 539 632 600 fere
646 541 849 600 Romanorum
871 539 1021 603 hominem
1042 541 1254 605 doctissimum’
1279 542 1390 629 (de-or.
1406 536 1442 606 Π
1456 550 1484 623 6,

139 642 194 716 25,
217 642 303 704 Brut.
314 646 371 718 26,
398 647 459 721 89),
475 643 626 705 Licinium
641 642 781 705 Crassum
801 654 950 717 oratorem
966 643 1018 731 (de
1034 668 1075 709 or.
1091 650 1137 707 III
1154 652 1205 725 43,
1223 646 1310 734 171).
1334 650 1484 711 luxuriam

141 755 240 809 autem
256 748 376 809 videtur
390 748 528 812 Lucilius
544 750 709 830 castigasse
724 751 802 812 libro
816 754 887 825 1111,
912 771 951 812 ex
967 772 1025 833 quo
1043 749 1149 813 Oicero
1165 748 1285 836 saepius
1301 754 1487 837 deprompsit

139 854 318 915 versiculos:
343 853 455 916 defin.
478 859 561 931 118,
586 858 627 916 24
651 853 701 940 (fr.
727 859 745 916 2
769 865 800 917 et
822 853 855 939 3)
879 855 918 917 ad
940 857 1005 917 Att.
1027 858 1109 919 XHI
1133 862 1184 935 25,
1211 865 1244 934 l,
1269 859 1306 920 de
1328 861 1378 921 fin.
1402 864 1485 937 118,

138 960 178 1019 23
201 955 253 1044 (ir.
278 956 324 1046 8).
352 971 444 1043 atque
467 961 505 1027 (i.
529 961 663 1024 Gallenii
685 964 792 1024 famosi
819 982 941 1038 nomen,
974 965 1025 1044 qui
1055 966 1170 1046 primus
1203 966 1426 1046 accipenserem
1455 968 1486 1027 in

21 1121 22 1148 r
136 1084 241 1125 mensa
263 1070 421 1148 proposuit
443 1069 589 1149 convivis,
613 1090 674 1130 non
697 1070 794 1129 minus
809 1069 975 1130 innotuisse
992 1068 1111 1131 videtur
1127 1090 1217 1151 quam
1232 1070 1414 1151 gladiatores
1430 1072 1485 1147 illi,

21 1167 22 1184 ¹
138 1190 213 1249 quos
236 1191 328 1252 supra
359 1175 536 1235 memoravi:
566 1195 637 1234 nam
662 1172 767 1235 Cicero
791 1195 861 1235 eum
883 1174 1000 1235 duobus
1024 1186 1234 1237 commemorat
1264 1177 1340 1237 locis
1373 1178 1484 1239 defin.

21 1317 22 1356 3
136 1278 167 1333 H
190 1279 220 1351 8,
245 1279 285 1337 24
309 1285 339 1337 et
361 1281 392 1337 II
415 1280 467 1353 28,
491 1282 546 1356 903
570 1280 608 1342 ci.
631 1280 706 1340 Hor.
730 1278 824 1340 Serm.
848 1283 879 1338 H
903 1284 931 1355 2,
955 1282 996 1341 46
1021 1300 1065 1361 sq.
1098 1280 1151 1341 sed
1179 1280 1254 1341 haec
1277 1283 1426 1343 sufficiant
1448 1280 1486 1343 ad
1600 1290 1602 1295 '

21 1425 22 1428 ,
137 1378 412 1459 demonstrandum,
437 1394 581 1466 quantum
605 1384 696 1447 studii
719 1384 902 1465 impenderit
925 1383 1031 1447 Cicero
1055 1388 1087 1446 in
1108 1385 1267 1449 Lucilium.
1357 1450 1359 1455 s

241 1593 310 1674 Age
344 1616 416 1657 vero
450 1598 585 1659 dicamus
620 1598 658 1659 de
688 1600 786 1680 poetis
818 1598 954 1679 epicis,
985 1599 1037 1680 qui
1065 1606 1134 1679 post
1155 1599 1289 1660 Ennium
1313 1599 1486 1659 extiterunt.

137 1707 228 1779 atque
250 1700 388 1779 Hostii,
419 1701 460 1761 A.
483 1698 630 1787 surim)
653 1703 835 1765 Varronis
858 1703 1009 1765 Atacini
1044 1722 1111 1763 cum
1143 1724 1290 1785 nusquam
1323 1698 1376 1763 fiat
1407 1701 1489 1785 apud

133 1802 318 1866 Ciceronem
339 1809 463 1883 mentio,
487 1810 588 1869 statim
612 1808 651 1869 ad
673 1811 712 1870 T.
735 1808 952 1870 Lucretium
971 1807 1099 1869 Oscum
1122 1817 1317 1870 transeamus.
1343 1808 1380 1868 de
1403 1809 1488 1868 cuius

137 1912 319 1973 carminibus
342 1934 402 1974 uno
425 1915 492 1974 loco
514 1912 621 1975 Oicero
643 1916 759 1996 profert
779 1910 936 1976 iudiciumi
959 1914 997 1975 ad
1013 1913 1073 1989 Qu.
1095 1915 1219 1975 fratrem
1241 1916 1316 1987 119,
1338 1916 1369 1988 4,
1399 1908 1488 1993 qu‘em

139 2016 240 2077 locum
263 2037 337 2078 sane
368 2023 541 2100 corruptum
574 2019 651 2080 haee
683 2029 767 2081 aetas
799 2021 878 2081 tulit.
904 2018 981 2080 sun't
1003 2020 1084 2079 enim
1110 2018 1205 2080 verba
1226 2018 1316 2079 haec:
1346 2018 1490 2078 ‘Lucretii

140 2131 290 2201 poemata,
317 2132 351 2184 ut
373 2124 489 2199 scribis,
514 2126 558 2185 ita
582 2134 662 2200 sunt,
688 2126 791 2186 multis
806 2124 972 2186 luminibus
995 2124 1122 2204 ingenii,
1145 2125 1259 2185 multae
1278 2132 1379 2183 tamen
1395 2122 1488 2183 artis!

138 2228 183 2286 sio
214 2226 329 2289 habent
350 2248 455 2290 omnes
478 2229 557 2292 libri.
581 2229 635 2290 sed
659 2231 784 2291 offundit
806 2230 885 2291 illud
912 2226 1045 2306 ‘tamen',
1079 2229 1111 2289 id
1144 2229 1225 2311 quod
1253 2232 1312 2292 iam
1335 2228 1488 2290 Victorius

138 2332 232 2392 sensit
254 2341 283 2393 et
304 2342 374 2414 post
396 2338 465 2395 eum
487 2335 619 2410 Ernesti,
643 2336 695 2416 qui
717 2337 812 2417 priori
835 2336 924 2397 huius
947 2337 1118 2425 sententiae
1140 2335 1273 2396 membro
1297 2329 1378 2395 ‘non'
1394 2335 1488 2415 parti·

137 2437 206 2497 cula
229 2437 332 2499 addita
354 2460 458 2501 omnes
481 2460 515 2501 se
537 2440 731 2502 difficultates
753 2444 920 2503 removisse
951 2442 1009 2502 sibi
1032 2442 1193 2501 visisunt.
1226 2440 1329 2519 Bergk
1359 2460 1432 2500 voro
1456 2440 1487 2499 iu

136 2541 205 2601 Iud.
228 2543 298 2603 lect.
321 2543 383 2605 hib.
407 2544 549 2626 Marburg
573 2548 667 2622 1847,
700 2568 730 2627 p.
755 2550 774 2608 3
797 2568 864 2628 sqq.
890 2547 1006 2607 collatis
1036 2547 1162 2606 aliorum
1194 2525 1384 2626 scriptorum*
1406 2552 1488 2605 vete·

136 2666 202 2705 rum
226 2646 264 2707 de
286 2646 428 2709 Lucretio
451 2649 571 2710 iudiciis
594 2650 763 2711 abiudicari
784 2651 831 2710 illi
854 2672 1003 2713 summum
1025 2651 1181 2730 ingenium
1201 2670 1289 2731 posse
1311 2659 1393 2709 recte
1415 2649 1489 2709 milri

136 2750 260 2811 videtur
281 2772 403 2831 negare.
427 2753 481 2815 sed
504 2754 584 2835 quod
607 2756 633 2815 is
656 2755 736 2816 huuc
763 2755 863 2816 locum
895 2757 940 2815 ita
963 2756 1128 2830 constituit,
1151 2764 1185 2816 ut
1207 2755 1385 2836 particulam
1410 2749 1490 2814 ‘non'

22 2941 23 2944 Ἴ
138 2854 227 2915 altori
249 2857 383 2919 membro
407 2858 539 2921 adiceret
572 2858 657 2945 (‘uon
680 2861 793 2922 multae
815 2873 916 2922 tamen
946 2857 1052 2944 artis’),
1087 2861 1144 2921 huc
1175 2863 1207 2921 in
1238 2882 1271 2922 re
1302 2862 1411 2922 falsam
1444 2862 1490 2921 in·

137 2983 258 3042 gressus
281 2974 327 3025 est
348 2966 440 3025 viam.
472 2966 505 3026 id
538 2967 618 3048 quod
651 2962 890 3027 luculentissime
922 2967 1101 3047 explanavit
1123 2966 1300 3026 Lachmann
1321 2966 1355 3027 Π
1380 2970 1419 3028 17
1443 2985 1488 3047 sq.

22 3141 23 3146 η
139 3070 244 3149 itaque
266 3070 292 3129 is
315 3069 546 3153 adlectionem,
571 3092 661 3151 quam
683 3081 904 3154 proposuerant
919 3068 1072 3133 Victorius
1095 3080 1125 3131 et
1147 3072 1279 3145 Ernesti,
1303 3070 1490 3131 redeundum

139 3194 205 3235 esse
228 3184 332 3255 putat;
363 3196 434 3236 nam
465 3196 519 3237 our
549 3197 657 3259 pauca,
690 3177 815 3257 ‘ingenii
841 3174 964 3237 lumina'
997 3178 1029 3237 in
1050 3177 1185 3238 Lucretii
1217 3178 1349 3236 carmine
1381 3174 1487 3237 Cicero

22 3341 23 3346 ,
138 3281 397 3357 animadverterit,
430 3284 624 3364 perspicuum
647 3275 725 3345 esse:
756 3282 891 3350 Ennium
913 3283 993 3343 enim
1017 3291 1047 3343 et
1069 3282 1196 3343 Accium
1224 3302 1261 3342 ea
1283 3282 1321 3342 de
1345 3301 1436 3341 causa
1459 3283 1488 3341 oi

140 3388 333 3466 ‘ingeniosos’
355 3390 436 3449 visos
459 3410 533 3464 esse,
566 3389 647 3470 quod
674 3388 855 3450 oblectando
880 3389 1040 3451 docuerint
1062 3397 1093 3449 et
1116 3389 1223 3448 animis
1245 3385 1402 3447 movendis
1425 3406 1487 3446 cor·

138 3494 273 3552 rexerint
295 3512 402 3555 mores.
428 3514 488 3573 qua
509 3496 542 3553 in
564 3515 598 3554 re
621 3514 660 3553 ne
683 3515 751 3555 cum
764 3494 963 3556 Lachmanno
988 3493 1111 3574 quidem
1133 3495 1233 3553 faeere
1247 3512 1380 3573 possum.
1404 3492 1488 3551 nullo

139 3599 220 3658 enim
243 3606 333 3678 pacto
356 3597 514 3658 Lueretius
536 3599 651 3677 ingenii
675 3620 783 3680 expers
800 3599 860 3661 diei
876 3609 986 3683 potest,
1010 3617 1109 3679 neque
1125 3597 1294 3678 putandum
1311 3602 1357 3657 est
1372 3595 1489 3656 Cicero·

141 3724 211 3764 nem
232 3701 291 3763 boc
312 3703 422 3763 fecisse
444 3701 588 3762 iudicium
610 3712 672 3762 tam
694 3706 849 3765 iniustum.
875 3704 991 3766 accedit
1013 3702 1092 3785 quod
1108 3701 1184 3763 illud
1201 3701 1393 3782 ‘ingeniosus’
1410 3711 1490 3761 certe

140 3828 201 3867 non
224 3807 263 3867 ad
285 3806 316 3866 id
340 3806 437 3868 solum
460 3805 652 3868 referendum
675 3815 729 3882 est,
754 3810 834 3889 quod
851 3809 1028 3870 Lachmann
1049 3809 1123 3868 duos
1138 3815 1255 3867 tantum
1271 3806 1352 3897 locos
1369 3803 1489 3866 Oicero-

138 3914 245 3973 nianos
267 3912 432 3992 respiciens
454 3908 523 3994 (pro
546 3913 623 3973 llur.
646 3915 687 3974 30
711 3922 742 3973 et
768 3934 823 3994 pro
846 3914 953 3974 Plano.
978 3915 1030 3985 53)
1053 3920 1165 3989 censet,
1190 3910 1367 3972 Ciceronem
1389 3911 1489 3969 llnnio

138 4018 296 4099 Accioque
312 4017 433 4078 laudem
447 4017 533 4077 illam
547 4018 697 4092 tribuisse,
720 4018 803 4103 quod
817 4019 946 4078 multum
960 4019 1098 4079 valerent
1121 4019 1159 4078 ad
1175 4037 1271 4078 mores
1288 4016 1488 4095 corrigendos.

23 4205 25 4211 k
138 4124 229 4183 immo
253 4133 283 4185 et
305 4126 381 4185 alios
404 4132 512 4205 poetas
534 4133 565 4184 et
586 4124 713 4184 Accium
736 4126 856 4205 saepius
880 4124 1017 4204 castigat,
1041 4123 1126 4205 quod
1144 4121 1329 4183 facinoribus
1352 4122 1384 4182 in
1408 4124 1489 4181 scae·

143 4249 213 4288 nam
235 4228 365 4290 inductis
389 4229 600 4310 spectantium
625 4249 723 4291 mores
752 4239 944 4311 corrumpant
966 4226 1017 4312 (cl.
1041 4230 1133 4288 Tuae.
1156 4230 1290 4301 111132,
1313 4230 1356 4287 Ι68
1373 4248 1428 4308 sq,
1454 4226 1490 4287 de

140 4343 202 4392 nat.
226 4332 308 4394 deon·
331 4337 378 4391 111
401 4336 452 4408 26,
477 4338 517 4396 66
540 4330 630 4418 sqq).
665 4356 743 4416 quae
777 4357 847 4397 cum
868 4340 912 4396 ita
934 4337 1003 4411 sint,
1037 4334 1114 4396 illud
1138 4331 1227 4409 ‘non',
1251 4331 1341 4413 ¹quod
1372 4330 1489 4392 codices

25 4541 28 4544 ¹
245 4470 265 4540 ¹)
284 4442 395 4527 Praeter
413 4490 496 4527 unum
514 4474 611 4540 locum,
630 4476 678 4527 ubi
695 4472 844 4557 &Furius
862 4474 895 4537 Q.
908 4474 1011 4555 Lutatii
1022 4472 1111 4524 Catuli
1127 4470 1268 4554 familiaris
1287 4472 1385 4522 dicitur
1402 4469 1490 4539 (Brut.

137 4562 182 4626 35,
202 4560 273 4630 lea).

1543 3548 1630 3579 Γκμ·

1528 3593 1542 3612 s
