3300 5059
1418 193 1480 253 245

129 377 232 451 situm,
257 378 418 438 nonnullos
441 376 480 437 de
495 378 641 439 Terentio
664 380 830 439 versiculos
853 400 891 439 ex
908 379 1044 440 Suetonii
1065 379 1142 440 libro
1166 380 1204 441 de
1225 384 1324 461 poetis
1347 364 1482 445 servavit

127 481 275 541 Donatus.
294 504 394 563 nequo
410 485 505 564 magis
522 486 684 565 quiequam
700 495 745 545 cst
761 484 935 557 dolendum,
950 505 1039 565 qnam
1051 486 1131 566 quod
1146 486 1341 567 hocdeperiit
1351 510 1480 564 carmen,

130 604 198 644 cum
213 587 329 647 firmam
344 587 430 649 nobis
446 588 606 668 praeberet
623 610 737 664 ansam,
757 602 817 669 qua
828 589 982 650 Ciceronis
997 598 1154 671 poetarum
1170 592 1269 650 studia
1285 591 1324 651 ad
1340 596 1482 653 amussim

128 693 303 753 examinare
314 694 402 755 nobis
417 695 529 757 liceret.
548 695 601 756 sed
617 695 656 755 ad
671 716 734 756 rem
749 695 846 777 ipsam
864 695 1066 755 accedendum
1082 706 1136 757 ast.
1154 717 1188 756 ac
1203 697 1334 777 primum
1346 699 1479 759 omnium

126 797 200 855 satis
213 802 560 878 constat‘grammaticae
575 810 605 861 et
615 802 830 881 antiquitatum
846 780 978 861 studium
994 800 1115 862 Oratam
1126 802 1291 877 Mallotem,
1308 802 1477 863 Aristarchi

128 904 295 982 aequalem,
317 905 444 964 Romam
460 907 604 980 intulisse,
629 927 695 966 cum
711 908 790 965 inter
811 906 976 967 secundum
999 927 1034 965 ac
1056 907 1177 967 tertium
1200 906 1315 967 bellum
1329 909 1480 969 Punicum

128 1006 166 1065 ab
191 1008 294 1069 Attalo
318 1030 390 1090 rege
412 1012 530 1092 legatus
552 1013 679 1072 Romam
702 1013 808 1073 missus
824 992 912 1072 esset
934 1009 985 1095 (ef.
1009 1012 1092 1074 Suet.
1118 1012 1155 1073 de
1185 1033 1312 1092 gramm.
1341 1018 1356 1073 l
1383 1010 1478 1095 sqq).

128 1112 238 1184 exinde
262 1124 362 1175 autem
386 1117 461 1177 lraec
483 1118 615 1177 studia
607 1140 638 1177 ιιι
661 1117 726 1177 dies
750 1138 886 1178 crescere
909 1127 939 1178 et
961 1119 1051 1179 latras
1075 1117 1209 1199 dispergi
1232 1119 1371 1179 videmus
1391 1119 1478 1191 adeo,

125 1226 159 1275 ut
181 1237 221 1277 ne
244 1219 402 1280 clarissimi
425 1220 547 1301 quidem
592 1222 668 1281 abst'
647 1224 803 1297 trnuerint,
851 1224 1009 1301 quominus
1055 1224 1115 1283 et
1107 1223 1166 1302 rpsi
1190 1221 1305 1302 aliquid
1345 1221 1383 1281 de
1414 1232 1479 1283 arte

124 1308 322 1400 grammatica
344 1322 518 1400 scriberent,
543 1334 635 1407 atque
660 1309 845 1408 temporibus
869 1326 1052 1407 quibusdam
1074 1348 1165 1407 super
1198 1328 1308 1406 viginti
1343 1326 1479 1386 celebres

22 1431 23 1434 ’
128 1427 251 1488 scholae
279 1430 405 1491 fuissc'
396 1452 429 1489 ιιι
457 1429 530 1491 urbe
552 1430 710 1491 tradantur
743 1429 840 1515 (Suet.
870 1431 890 1490 l.
925 1452 949 1491 c.
981 1428 1067 1515 3)ss
1058 1442 1162 1510 rtaque
1195 1430 1350 1491 Ciceronis
1379 1440 1480 1491 aetate

22 1539 23 1622 ι
127 1552 228 1612 neque
258 1554 370 1615 paucos
398 1554 499 1615 neque
528 1545 634 1596 tenues
665 1538 759 1595 fuisse
791 1536 860 1597 illos
891 1538 990 1596 fontes
1020 1535 1190 1629 putandum
1220 1544 1273 1609 est,
1303 1558 1342 1595 ex
1371 1536 1480 1617 quibus

128 1638 318 1720 antiquitatis
342 1639 475 1726 studioso
499 1640 609 1701 licebat
631 1641 761 1701 haurire.
785 1642 846 1700 iam
870 1661 953 1715 vero,
978 1650 1011 1701 ut
1052 1661 1102 1701 eos
1131 1641 1371 1722 praetermittam
1398 1643 1480 1700 viros

128 1742 242 1819 doctos,
275 1746 327 1823 qui
355 1746 405 1805 vel
434 1729 473 1804 ad
499 1765 547 1806 res
574 1755 674 1825 gestas
703 1744 938 1808 conscribendas
966 1766 998 1805 se
1026 1744 1243 1805 converterunt
1267 1746 1316 1805 vel
1346 1744 1384 1804 ad
1404 1747 1480 1804 iuris

127 1846 291 1927 legumque
315 1850 517 1928 cognitionem
533 1851 769 1931 propagandam,
793 1852 893 1910 statim
918 1849 957 1909 ad
980 1870 1031 1911 sos
1054 1842 1156 1929 placet
1178 1849 1333 1923 accedere,
1368 1849 1484 1929 quide

125 1952 161 2011 lit
149 1959 293 2013 tterarum
315 1956 491 2014 Latinarum
515 1955 642 2016 studiis
640 1939 803 2036 praeclare
827 1964 1008 2017 meruerunt.

217 2058 253 2116 In
271 2057 380 2138 quibus
394 2062 564 2142 principem
578 2062 643 2121 sine
653 2060 744 2123 dubio
760 2062 860 2121 locum
876 2060 1035 2121 obtinetL.
1049 2059 1178 2119 Aelius
1193 2058 1368 2119 Praeconi
1378 2055 1484 2142 nns,¹)

126 2164 211 2222 ouius
241 2183 330 2225 curae
358 2185 469 2257 magna
497 2186 535 2225 ex
561 2174 649 2246 parte
677 2149 856 2246 spectabant
883 2164 922 2225 ad
954 2166 1114 2245 antiquum
1144 2183 1312 2225 sermonem
1343 2164 1484 2225 Latinum

129 2267 344 2347 explicandum
360 2277 451 2349 atque
474 2270 596 2331 illorum
612 2280 781 2352 temporum
804 2272 936 2331 carmina
953 2268 1190 2350 interpretanda.
1216 2270 1311 2329 veluti
1329 2270 1484 2331 Saliorum

130 2391 209 2450 quae
247 2371 387 2433 dicuntur
428 2385 589 2435 aramenta
631 2378 847 2456 interpretatus
886 2384 931 2459 est
975 2376 1118 2456 legesque
1162 2374 1321 2433 duodecim
1363 2374 1481 2435 tabula·

131 2496 198 2534 rum
230 2498 330 2558 neque
363 2480 504 2559 exiguam
547 2501 669 2562 operam
706 2481 808 2540 Plauti
847 2456 1009 2539 comoediis
1049 2478 1132 2538 dedit
1169 2478 1355 2553 enarrandis
1394 2500 1483 2559 quem

130 2568 208 2641 adeo
248 2582 373 2643 miratus
405 2604 470 2644 esse
503 2585 621 2659 dicitur,
654 2593 688 2644 ut
718 2586 829 2644 ‘Musas
866 2576 1008 2643 Plautino
1032 2603 1169 2643 sermone
1206 2584 1287 2643 locut
1275 2592 1356 2643 turae
1392 2585 1485 2644 fuisse

128 2684 249 2761 dixerit,
277 2689 303 2747 ai
331 2688 440 2748 Latine
468 2690 553 2783 loqui
581 2674 715 2755 vellent’.
744 2690 825 2750 hunc
852 2691 944 2769 igitur
973 2690 1071 2748 virum
1098 2690 1345 2748 litteratissimum
1375 2687 1480 2749 Cicero

129 2791 248 2851 audivit
280 2792 468 2866 adulescens,
501 2793 532 2853 id
565 2793 682 2873 quod
674 2814 739 2887 rpse
770 2776 897 2854 testatur
920 2791 1011 2855 Brut
1041 2796 1092 2867 56,
1125 2794 1197 2853 207.
1237 2813 1326 2873 quam
1355 2796 1393 2852 ob
1421 2814 1483 2852 rem

129 2896 270 2956 omnibus
293 2899 358 2957 fere
390 2898 474 2972 locis,
504 2898 556 2958 ubi
589 2899 713 2957 Aelium
744 2907 965 2971 commemorat,
945 2897 1111 2958 tdiserte
1138 2898 1275 2977 magistri
1309 2898 1355 2956 sui
1385 2916 1485 2976 perse

129 3002 361 3080 quiturgmerita
388 3000 486 3086 (Brut.
511 3006 562 3078 56,
593 3004 678 3084 205).
704 3025 739 3063 ac
760 3012 845 3063 tanto
869 3024 961 3084 opere
984 3003 1171 3081 antiquitatis
1200 3000 1350 3062 studiosus
1374 3002 1427 3061 ille
1456 3012 1486 3062 et

129 3114 196 3165 erat
219 3114 249 3167 et
271 3106 449 3183 habebatur,
489 3118 523 3168 ιιι
545 3106 651 3169 Cicero
680 3109 870 3189 antiquitatis
897 3107 998 3168 studia
1021 3107 1152 3179 Aeliana
1180 3107 1344 3186 appellarit
1368 3106 1405 3165 de
1435 3129 1478 3167 or.

127 3212 144 3270 I
172 3214 483 3291 43,193tetp0sr
515 3214 597 3273 illius
628 3222 756 3273 mortem
789 3213 865 3273 haec
898 3212 998 3272 studia
1031 3210 1166 3291 plane
1158 3213 1287 3270 racuisse
1319 3212 1486 3271 Varronem

127 3317 235 3376 fecerit
267 3316 416 3378 dicentem
447 3316 505 3376 Ac.
537 3322 553 3376 I
584 3322 613 3393 2,
646 3323 677 3381 8
713 3328 745 3378 at
777 3317 856 3377 idenr
895 3318 1002 3377 Aelius
1038 3296 1234 3396 eloquentiae
1271 3336 1329 3374 non
1361 3317 1487 3375 multum

129 3440 219 3481 curae
242 3422 362 3497 tribuit,
385 3434 455 3481 na'm
480 3424 545 3502 ipse
569 3432 668 3483 orator
691 3443 843 3504 nusquam
874 3424 984 3501 extitit,
1014 3421 1066 3482 sed
1090 3420 1159 3480 aliis
1182 3421 1333 3480 orationes
1369 3422 1486 3500 scripti-

127 3528 206 3586 tavit
229 3524 327 3609 (Brut.
353 3529 404 3601 56,
430 3529 509 3601 207,
535 3530 572 3591 cl.
596 3531 648 3603 46,
675 3531 762 3605 169).
786 3528 846 3588 huc
870 3529 960 3587 etiam
986 3526 1063 3586 illud
1091 3527 1233 3606 pertinet,
1271 3524 1353 3605 quod
1382 3524 1487 3585 Cicero

22 3719 23 3724 ἵ
128 3640 161 3690 ιιι
187 3641 287 3693 orator
320 3632 376 3692 has
400 3632 483 3693 Aelii
513 3634 665 3694 orationes
689 3634 763 3693 dicit
784 3636 869 3694 leves
885 3633 1088 3692 oratiunculas
1111 3633 1196 3691 Brut.
1218 3633 1269 3706 57,
1295 3632 1367 3691 207.
1385 3652 1486 3710 quam·

128 3758 219 3817 quam
251 3740 344 3817 igitur
367 3738 491 3799 dubium
530 3759 680 3799 essenon
714 3748 825 3820 potest,
860 3740 930 3818 quin
955 3736 1061 3797 Cicero
1085 3735 1122 3795 de
1151 3734 1234 3796 Aelii
1257 3736 1362 3796 studiis
1393 3736 1488 3815 probe

128 3843 252 3903 edoctus
275 3843 365 3903 suerit
387 3840 560 3926 (duodecim
585 3844 758 3903 tabularum
782 3845 1068 3923 interpretationem
1092 3841 1129 3901 ab
1156 3861 1191 3901 eo
1217 3842 1385 3901 confectam
1409 3861 1486 3900 com-

126 3957 273 4009 memorat
295 3948 333 4009 de
355 3948 435 4028 legg.
458 3953 490 4008 II
513 3951 564 4025 23,
589 3952 645 4023 59;
670 3950 750 4029 Top.
775 3952 804 4023 2,
831 3945 874 4030 9),
899 3957 1000 4014 tamen
1023 3946 1104 4007 haud
1121 3948 1182 4008 scio
1207 3967 1245 4005 an
1263 3947 1349 4006 illius
1373 3947 1487 4025 scripta

22 4126 24 4128 ¹
127 4054 167 4114 ad
189 4063 296 4135 poetas
320 4054 442 4135 quidem
466 4056 634 4135 spectantia
657 4076 716 4115 non
745 4054 921 4133 diligentius
943 4054 1116 4134 perlegerit,
1151 4072 1217 4111 cum
1248 4070 1406 4130 nusquam,
1435 4049 1486 4107 ubi

26 4232 31 4237 ¹
126 4159 243 4238 priscos
268 4170 375 4240 poetas
398 4162 523 4220 Latinos
551 4160 735 4220 veleorum
764 4160 904 4221 carmina
920 4160 1031 4238 attigit,
1060 4159 1142 4217 illius
1171 4157 1264 4215 faciat
1293 4156 1486 4214 mentionem.

135 4318 343 4327 ..η-*-

24 4415 28 4418 ’
240 4387 258 4455 ¹)
279 4388 319 4440 cf.
340 4389 414 4441 Suet.
433 4388 466 4439 de
485 4388 523 4440 ill.
542 4404 653 4453 gramm.
673 4404 695 4439 e.
715 4390 741 4451 9,
759 4388 845 4438 Varro
873 4385 945 4451 apud
964 4383 1033 4436 Gell.
1058 4382 1090 4433 N.
1109 4381 1140 4431 Α.
1165 4380 1178 4429 Ι
1198 4382 1240 4443 18,
1265 4382 1294 4443 23
1314 4378 1337 4429 X
1361 4379 1438 4441 21,2
1462 4384 1489 4429 et

24 4480 31 4503 ²
127 4475 148 4525 I.
170 4476 203 4526 Δ.
225 4475 255 4527 O.
280 4477 339 4528 Van
369 4476 480 4527 Heusda
498 4476 671 4541 ‘Disquisitio
703 4478 736 4527 de
755 4478 786 4525 L.
813 4475 890 4525 Aelio
910 4472 1031 4535 Stilone',
1058 4471 1179 4521 Traiecti
1196 4469 1231 4519 ad
1260 4468 1382 4519 Rhenum
1414 4468 1487 4517 1839.
