3300 5059
237 443 274 505 0.
298 442 331 504 O.
386 446 449 507 713
529 446 596 509 τόδ’
621 444 710 523 εἶσας
731 449 869 530 αὔχημ’,
892 445 973 525 ἀναξ
996 450 1175 513 Ποσει-δάν

233 548 344 609 Traeh.
388 551 452 613 954
531 550 648 633 γένοιτ’
671 550 812 637 ἔπουρος
835 550 1097 638 ἑστιῶτιςαῦ-ρα
1112 553 1134 640 ¹)

232 654 314 715 Phil.
370 659 455 719 1160
532 658 581 733 τίς
603 656 659 721 et
682 656 719 721 ἐν
741 660 870 742 αὔραις
891 658 1043 743 τρέφεται

233 758 304 821 Ant.
386 763 449 822 619
530 762 609 846 πρὶν
630 763 711 848 πυρὶ
732 767 856 849 θερμῷ
880 763 966 827 πόδα
987 785 1036 839 τις
1058 766 1239 850 προσαύ-σχ

233 863 271 928 Ο.
295 863 330 925 0.
390 867 451 926 182
468 886 512 947 sq.
529 865 606 931 ἕπεο
627 868 705 950 μάν,
732 865 796 931 ἕπε’
818 866 874 932 ὧδ’
897 869 1042 954 ἀμαυ-ρςῒι
1070 870 1172 955 κώλῳ,
1200 872 1312 954 πάτερ,
1340 870 1362 954 ᾇ
1385 874 1499 953 σάγον

235 967 315 1029 Phil.
389 973 451 1032 217
531 970 655 1052 ἣναὸς
676 968 793 1048 ἄξενον
815 972 989 1056 οὐρά-ζον
1011 974 1115 1057 ὅρμον

387 1076 451 1137 694
467 1096 512 1156 sq.
528 1077 603 1159 παρ’
628 1074 655 1139 ὥ
687 1064 806 1141 στάνῗιν
838 1077 1015 1141 ἀντίτυπον
1045 1079 1226 1171 βαρυβρῶτ
1255 1077 1500 1143 ἀποκλαύ-σειεν

531 1179 719 1265 αἱματηρόν.

809 1309 847 1351 ει.

233 1388 348 1450 Notum
371 1398 418 1450 est
433 1390 669 1471 Aristophanem
690 1412 775 1452 more
797 1412 852 1454 suo
875 1412 922 1454 ree
938 1392 1136 1453 extollentem
1152 1391 1295 1455 inducere
1311 1392 1498 1475 Aeschylum

144 1492 301 1575 Euripidis
322 1494 471 1556 rationem
494 1496 690 1571 inludentem,
720 1518 781 1578 qua
809 1497 916 1558 ductus
947 1498 997 1558 hic
1019 1499 1139 1579 saepius
1161 1495 1215 1559 uni
1238 1498 1378 1579 syllabae
1401 1498 1499 1578 logico

147 1609 275 1660 accentu
295 1620 418 1682 prorsus
441 1600 602 1663 destitutae
624 1603 751 1662 nimium
773 1612 845 1663 tone
861 1602 976 1664 adscita
990 1604 1107 1685 pondus
1123 1603 1326 1684 rhythmicum
1343 1601 1498 1664 adtribuit.

147 1703 224 1765 haec
247 1705 340 1785 igitur
361 1714 433 1767 sunt
454 1705 602 1788 Aeschyli
624 1707 705 1789 apud
726 1705 808 1768 hunc
831 1708 977 1767 comicum
998 1708 1107 1789 verba:

357 1811 435 1871 Rau.
461 1814 545 1874 1313
567 1831 613 1892 sq.
834 1821 864 1872 et
1114 1814 1197 1874 1348
1221 1831 1267 1892 sq.

188 1914 229 1977 αἴ
245 1916 279 1978 θ’
296 1914 485 2000 ὑπωρόφιοι
506 1916 587 1979 κατὰ
608 1917 730 1999 γωνίας
954 1918 1047 1981 λίνου
1068 1917 1187 1999 μεστὸν
1209 1919 1371 2000 ἄτρακτον

189 2019 487 2083 εἱειειειειειλίσσετε
509 2019 679 2096 δακτύλοις
701 2022 864 2104 φάλαγγες
954 2021 1284 2085 είειειειειειλίσσουσα
1306 2028 1416 2105 χεροῖν

145 2124 185 2184 ad
208 2123 633 2207 neocaesareenses
663 2135 723 2189 τοῦ
751 2125 903 2189 εἱλίσσετε
930 2124 1012 2189 κατὰ
1034 2126 1168 2208 μίμησιν
1190 2132 1246 2207 τῆς
1267 2122 1516 2214 μελοποιίαςῖ),

233 2230 300 2291 Iam
322 2231 377 2290 hos
398 2231 482 2291 locos
505 2230 653 2312 Aeschyli
676 2230 896 2313 Sophoclisque
919 2232 1069 2291 conferas:

766 2336 879 2399 Aesch.

232 2440 315 2522 Sept.
385 2442 447 2503 277
508 2440 587 2504 ’τὸν
608 2440 788 2525 ἀμφιτειχῆ
811 2437 904 2505 λεών.
927 2441 986 2521 Ag.
998 2444 1060 2503 459
1079 2440 1154 2505 ote'
1171 2440 1273 2504 αὐτοῦ
1295 2439 1370 2523 περὶ
1383 2446 1499 2518 τεῖχος

230 2543 291 2625 Ag.
380 2548 442 2606 721
524 2545 561 2610 ἐν
582 2546 696 2629 βιότου
710 2547 929 2628 προτελείοις.
952 2547 1108 2610 numeet
1125 2567 1160 2609 τε
1176 2544 1373 2608 καλτέλει-οι
1388 2551 1498 2607 κακῶν

232 2650 314 2731 Sept.
383 2653 444 2715 897
525 2651 592 2733 τάχ’
608 2653 651 2712 ἀν
671 2671 721 2724 τις
742 2651 851 2729 εί-ποι,
872 2651 958 2725 τίνες

383 2758 445 2818 906
462 2775 466 2782 ’
525 2756 661 2839 πάρεστι
683 2755 711 2818 δ’
728 2752 843 2817 εἰπεῖν
865 2752 913 2817 ἐπ’
930 2754 1108 2819 testor-ew

230 2860 314 2921 Pers.
382 2861 445 2924 592
526 2859 670 2937 ἅζονται·
692 2862 850 2944 βασιλεία
1211 2864 1213 2869 ’

362 2968 445 3027 1028
466 2988 511 3047 sq.
528 2965 745 3050 ἀγανόρειος·
768 2964 931 3029 κατεῖ-δον
954 2964 990 3027 δὲ
1012 2967 1088 3046 πῆμ’
1111 2966 1262 3027 ἀελ-πτον

231 3069 315 3151 Sept.
384 3073 446 3132 281
527 3071 713 3156 πάντρομος
734 3069 875 3145 πελει-άς

383 3178 446 3236 313
526 3174 584 3251 τάς
606 3174 642 3237 δὲ
664 3174 909 3259 κεχειρωμένας
930 3177 1068 3256 ἄγεσθαι

383 3283 444 3343 939
462 3302 507 3361 sq.
523 3279 560 3343 ἐν
582 3279 634 3355 αίς
656 3279 849 3359 ἐθείνοντο,
871 3280 926 3343 καί
948 3279 1044 3343 δυοῖν
1065 3278 1177 3363 κρατή-

531 3399 589 3459 σας
611 3381 700 3468 troie
722 3384 861 3467 δαί-μων

232 3490 288 3566 Ag.
387 3490 448 3550 205
530 3498 628 3553 νεῶν·
649 3490 718 3551 καὶ·
739 3490 925 3571 πεισμάτων
948 3487 1103 3571 ἀφει-ἀεῖς

321 3654 324 3663 ,
390 3596 452 3654 395
534 3594 647 3678 βωμὸν
670 3593 716 3668 είς
738 3592 911 3675 ἀφάνειαν

242 3766 261 3834 ¹)
282 3766 325 3817 ct.
344 3767 504 3832 Brambach‚
522 3765 604 3832 Soph.
623 3766 686 3818 Ges.
705 3783 732 3832 p.
751 3766 809 3817 146.

236 3848 257 3918 ²)
278 3854 364 3917 Quem
382 3853 570 3920 Aristophanis
588 3855 677 3904 iocum
696 3867 764 3905 care
781 3854 820 3904 ita
837 3853 990 3921 intellegas,
1017 3856 1091 3906 acsi
1109 3868 1222 3905 revera
1241 3850 1378 3919 Euripidis
1398 3854 1502 3903 musice

148 3958 230 3994 cnam
257 3941 425 4009 eandemque
453 3940 585 4008 syllabam
610 3941 654 3993 vel
681 3943 787 3994 sexiens
814 3943 1006 4009 repetierit,
1033 3946 1064 3993 ut
1091 3942 1164 3992 senis
1186 3941 1257 3991 notis
1280 3955 1329 4006 pro
1353 3954 1409 3991 una
1426 3939 1501 3991 locus

150 4031 274 4098 daretur3
300 4028 368 4081 nihil
393 4032 463 4080 enim
483 4034 649 4095 compertum
667 4029 797 4081 habemus
815 4029 849 4081 de
867 4028 917 4080 tali
935 4044 973 4079 re.
999 4029 1080 4079 immo
1099 4027 1291 4094 Aristophanes
1309 4027 1342 4078 de
1360 4042 1434 4077 more
1452 4042 1501 4078 suo

147 4120 303 4183 perstrinxit
318 4119 450 4185 tragicum
468 4118 496 4168 in
515 4133 548 4170 eo
565 4125 731 4187 peccantem,
748 4117 819 4185 quod
832 4116 952 4184 syllabas
961 4116 1029 4168 tales
1039 4118 1146 4182 saepius
1161 4120 1224 4166 tone
1235 4114 1379 4181 productas
1390 4116 1501 4176 maiore,

147 4221 230 4271 quam
248 4205 322 4273 quod
340 4222 355 4258 e
373 4208 414 4258 rel
432 4210 529 4258 natura
547 4211 629 4272 esset,
646 4211 770 4257 oneraret
787 4205 916 4271 pondere.
946 4220 1033 4271 neque
1052 4206 1123 4257 enim
1142 4202 1273 4255 hodierna
1291 4204 1401 4266 musica,
1421 4216 1501 4268 quarn

147 4294 245 4344 hocin
263 4309 361 4359 genere
379 4294 465 4360 magis
483 4295 564 4345 etiam
583 4310 694 4362 peccare
712 4309 792 4345 nemo
810 4295 905 4358 nescit,
925 4308 1007 4345 uuam
1026 4292 1158 4357 syllabam
1173 4290 1351 4356 compluriens
1369 4290 1500 4356 repetit,

148 4382 256 4433 etiarnsi
272 4380 365 4448 plures
381 4382 410 4432 in
429 4395 489 4433 eam
508 4381 608 4433 cadant
625 4387 719 4447 ποίοις
736 4380 872 4448 planeque
889 4383 918 4433 in
933 4380 1100 4433 comoediam
1113 4383 1202 4430 vertat
1214 4393 1279 4443 rem,
1296 4378 1344 4445 qui
1357 4390 1390 4427 ex
1402 4378 1501 4427 Aristo·

147 4468 247 4537 phanis
268 4468 390 4536 exemplo
412 4469 481 4521 haec
498 4470 537 4520 ita
554 4469 665 4521 scribatr
693 4468 852 4535 ,Verdieuet
878 4469 952 4521 nicht
981 4467 1127 4522 oleleleln
1145 4465 1258 4516 Meusch
1286 4480 1320 4515 ru
1347 4464 1419 4516 sein'
1438 4463 1501 4529 (Die

148 4553 337 4622 Zauberflote).
