<?xml version="1.0" encoding="UTF-8"?>
<!DOCTYPE html PUBLIC "-//W3C//DTD XHTML 1.0 Transitional//EN"
    "http://www.w3.org/TR/xhtml1/DTD/xhtml1-transitional.dtd">
<html xmlns="http://www.w3.org/1999/xhtml" xml:lang="en" lang="en">
 <head>
  <title>
</title>
<meta http-equiv="Content-Type" content="text/html;charset=utf-8" />
  <meta name='ocr-system' content='tesseract 3.04.00' />
  <meta name='ocr-capabilities' content='ocr_page ocr_carea ocr_par ocr_line ocrx_word'/>
</head>
<body>
  <div class='ocr_page' id='page_1' title='image "./dissertationesp07wiengoog_0169.png"; bbox 0 0 3300 5059; ppageno 0'>
   <div class='ocr_carea' id='block_1_1' title="bbox 153 200 213 261">
    <p class='ocr_par' dir='ltr' id='par_1_1' title="bbox 153 200 213 261">
     <span class='ocr_line' id='line_1_1' title="bbox 153 200 213 261; baseline -0.067 0"><span class='ocrx_word' id='word_1_1' title='bbox 153 200 213 261; x_wconf 99' lang='grc'><strong>156</strong></span> 
     </span>
    </p>
   </div>
   <div class='ocr_carea' id='block_1_2' title="bbox 146 390 1542 4564">
    <p class='ocr_par' dir='ltr' id='par_1_2' title="bbox 146 390 1542 4564">
     <span class='ocr_line' id='line_1_2' title="bbox 232 390 746 473; baseline 0.004 -22"><span class='ocrx_word' id='word_1_2' title='bbox 232 392 333 451; x_wconf 89' lang='lat' dir='ltr'><strong>Prom.</strong></span> <span class='ocrx_word' id='word_1_3' title='bbox 362 390 422 449; x_wconf 92' lang='grc'><strong>173</strong></span> <span class='ocrx_word' id='word_1_4' title='bbox 446 394 640 470; x_wconf 79' lang='lat' dir='ltr'><strong>sqq.=195</strong></span> <span class='ocrx_word' id='word_1_5' title='bbox 665 413 746 473; x_wconf 90' lang='lat' dir='ltr'><strong>sqq.:</strong></span> 
     </span>
     <span class='ocr_line' id='line_1_3' title="bbox 194 494 1500 582; baseline 0.002 -25"><span class='ocrx_word' id='word_1_6' title='bbox 194 506 245 557; x_wconf 89' lang='lat' dir='ltr'><strong>str.</strong></span> <span class='ocrx_word' id='word_1_7' title='bbox 270 494 426 571; x_wconf 77' lang='grc' dir='ltr'><strong><em>ἐπικότως</em></strong></span> <span class='ocrx_word' id='word_1_8' title='bbox 450 495 500 558; x_wconf 69' lang='lat' dir='ltr'><strong>rat</strong></span> <span class='ocrx_word' id='word_1_9' title='bbox 519 494 524 578; x_wconf 87' lang='grc' dir='ltr'>Ι</span> <span class='ocrx_word' id='word_1_10' title='bbox 543 497 682 579; x_wconf 79' lang='grc' dir='ltr'><strong><em>θέμενος</em></strong></span> <span class='ocrx_word' id='word_1_11' title='bbox 706 500 896 582; x_wconf 76' lang='grc' dir='ltr'><em>ἄγναμπτον</em></span> <span class='ocrx_word' id='word_1_12' title='bbox 918 501 1000 563; x_wconf 82' lang='grc' dir='ltr'><strong><em>νόον</em></strong></span> <span class='ocrx_word' id='word_1_13' title='bbox 1042 513 1086 560; x_wconf 61' lang='grc' dir='ltr'><strong>(ω</strong></span> <span class='ocrx_word' id='word_1_14' title='bbox 1101 552 1126 559; x_wconf 75' lang='grc'><em>,</em></span> <span class='ocrx_word' id='word_1_15' title='bbox 1142 536 1219 559; x_wconf 51' lang='lat' dir='ltr'><strong>m</strong></span> <span class='ocrx_word' id='word_1_16' title='bbox 1272 512 1500 560; x_wconf 35' lang='lat' dir='ltr'><strong>damac„</strong></span> 
     </span>
     <span class='ocr_line' id='line_1_4' title="bbox 269 600 1195 685; baseline 0.001 -21"><span class='ocrx_word' id='word_1_17' title='bbox 269 602 432 682; x_wconf 77' lang='grc' dir='ltr'><strong><em>δάμναται</em></strong></span> <span class='ocrx_word' id='word_1_18' title='bbox 451 600 619 685; x_wconf 82' lang='grc' dir='ltr'><strong><em>Οὐρανίαν</em></strong></span> <span class='ocrx_word' id='word_1_19' title='bbox 1035 658 1061 665; x_wconf 73' lang='lat'><strong><em>-</em></strong></span> <span class='ocrx_word' id='word_1_20' title='bbox 1098 657 1123 664; x_wconf 81' lang='grc'><strong><em>-</em></strong></span> <span class='ocrx_word' id='word_1_21' title='bbox 1171 658 1195 665; x_wconf 87' lang='grc'>-</span> 
     </span>
     <span class='ocr_line' id='line_1_5' title="bbox 183 704 1475 793; baseline 0.001 -26"><span class='ocrx_word' id='word_1_22' title='bbox 183 716 244 769; x_wconf 85' lang='lat' dir='ltr'><strong>ant.</strong></span> <span class='ocrx_word' id='word_1_23' title='bbox 268 706 419 790; x_wconf 76' lang='grc' dir='ltr'><em>διάτορος</em></span> <span class='ocrx_word' id='word_1_24' title='bbox 429 704 650 790; x_wconf 85' lang='grc' dir='ltr'><strong><em>φόβοςΙδέδια</em></strong></span> <span class='ocrx_word' id='word_1_25' title='bbox 660 709 722 793; x_wconf 87' lang='grc' dir='ltr'><strong><em>γδιρ</em></strong></span> <span class='ocrx_word' id='word_1_26' title='bbox 733 708 816 792; x_wconf 86' lang='grc' dir='ltr'><strong><em>ἄμφλ</em></strong></span> <span class='ocrx_word' id='word_1_27' title='bbox 826 711 1024 792; x_wconf 88' lang='grc' dir='ltr'><strong><em>σαῐςτόχαις,</em></strong></span> <span class='ocrx_word' id='word_1_28' title='bbox 1038 723 1083 769; x_wconf 59' lang='grc' dir='ltr'><strong>(ψ</strong></span> <span class='ocrx_word' id='word_1_29' title='bbox 1098 762 1122 770; x_wconf 78' lang='grc'><strong>-</strong></span> <span class='ocrx_word' id='word_1_30' title='bbox 1140 748 1195 792; x_wconf 30' lang='grc' dir='ltr'><strong>υ.-</strong></span> <span class='ocrx_word' id='word_1_31' title='bbox 1227 743 1230 788; x_wconf 70' lang='grc' dir='ltr'>Ι</span> <span class='ocrx_word' id='word_1_32' title='bbox 1249 723 1350 770; x_wconf 66' lang='lat' dir='ltr'><strong>ca„-</strong></span> <span class='ocrx_word' id='word_1_33' title='bbox 1362 747 1379 769; x_wconf 64' lang='lat' dir='ltr'><strong>e</strong></span> <span class='ocrx_word' id='word_1_34' title='bbox 1389 742 1440 770; x_wconf 42' lang='lat' dir='ltr'><strong>aa</strong></span> <span class='ocrx_word' id='word_1_35' title='bbox 1454 763 1475 768; x_wconf 76' lang='grc'><strong>-</strong></span> 
     </span>
     <span class='ocr_line' id='line_1_6' title="bbox 268 811 703 896; baseline 0.005 -22"><span class='ocrx_word' id='word_1_36' title='bbox 268 812 333 896; x_wconf 79' lang='grc' dir='ltr'><strong><em>όπηι</em></strong></span> <span class='ocrx_word' id='word_1_37' title='bbox 355 830 433 873; x_wconf 88' lang='grc' dir='ltr'><strong><em>ποτε</em></strong></span> <span class='ocrx_word' id='word_1_38' title='bbox 455 811 558 873; x_wconf 81' lang='grc' dir='ltr'><strong><em>τῶνδε</em></strong></span> <span class='ocrx_word' id='word_1_39' title='bbox 579 812 703 876; x_wconf 90' lang='grc' dir='ltr'><strong><em>πόνων.</em></strong></span> 
     </span>
     <span class='ocr_line' id='line_1_7' title="bbox 147 911 1502 997; baseline 0.001 -21"><span class='ocrx_word' id='word_1_40' title='bbox 147 917 255 976; x_wconf 90' lang='lat' dir='ltr'><strong>melius</strong></span> <span class='ocrx_word' id='word_1_41' title='bbox 294 936 383 996; x_wconf 89' lang='lat' dir='ltr'><strong>quam</strong></span> <span class='ocrx_word' id='word_1_42' title='bbox 418 916 485 995; x_wconf 89' lang='lat' dir='ltr'><strong>ipsc</strong></span> <span class='ocrx_word' id='word_1_43' title='bbox 507 936 639 995; x_wconf 89' lang='lat' dir='ltr'><strong>possum,</strong></span> <span class='ocrx_word' id='word_1_44' title='bbox 672 918 843 979; x_wconf 82' lang='lat' dir='ltr'><strong>criticorum</strong></span> <span class='ocrx_word' id='word_1_45' title='bbox 876 918 1065 979; x_wconf 76' lang='lat' dir='ltr'><strong>coniecturae</strong></span> <span class='ocrx_word' id='word_1_46' title='bbox 1099 917 1156 978; x_wconf 91' lang='lat' dir='ltr'><strong>loci</strong></span> <span class='ocrx_word' id='word_1_47' title='bbox 1185 911 1350 978; x_wconf 74' lang='lat' dir='ltr'><strong>defendant</strong></span> <span class='ocrx_word' id='word_1_48' title='bbox 1381 920 1502 997; x_wconf 85' lang='lat' dir='ltr'><strong>integri·</strong></span> 
     </span>
     <span class='ocr_line' id='line_1_8' title="bbox 146 1021 1502 1105; baseline 0.004 -24"><span class='ocrx_word' id='word_1_49' title='bbox 146 1030 250 1085; x_wconf 89' lang='lat' dir='ltr'><strong>tatem.</strong></span> <span class='ocrx_word' id='word_1_50' title='bbox 294 1022 387 1079; x_wconf 86' lang='lat' dir='ltr'><strong>Pauw</strong></span> <span class='ocrx_word' id='word_1_51' title='bbox 420 1021 512 1100; x_wconf 83' lang='lat' dir='ltr'><strong>igitur</strong></span> <span class='ocrx_word' id='word_1_52' title='bbox 554 1022 774 1083; x_wconf 87' lang='lat' dir='ltr'><strong>commendavit</strong></span> <span class='ocrx_word' id='word_1_53' title='bbox 809 1023 991 1105; x_wconf 78' lang='grc' dir='ltr'><strong><em>τιθέμενος,</em></strong></span> <span class='ocrx_word' id='word_1_54' title='bbox 1033 1023 1139 1083; x_wconf 83' lang='lat' dir='ltr'><strong>Morell</strong></span> <span class='ocrx_word' id='word_1_55' title='bbox 1172 1022 1268 1094; x_wconf 88' lang='grc' dir='ltr'><strong><em>&lt;τδν&gt;</em></strong></span> <span class='ocrx_word' id='word_1_56' title='bbox 1301 1025 1502 1103; x_wconf 90' lang='grc' dir='ltr'><strong><em>ἄγναμπτον,</em></strong></span> 
     </span>
     <span class='ocr_line' id='line_1_9' title="bbox 149 1126 1502 1210; baseline 0.004 -25"><span class='ocrx_word' id='word_1_57' title='bbox 149 1127 253 1186; x_wconf 82' lang='lat' dir='ltr'><strong>Butler</strong></span> <span class='ocrx_word' id='word_1_58' title='bbox 275 1126 386 1207; x_wconf 85' lang='grc' dir='ltr'><strong><em>&lt;μᾶλ’&gt;</em></strong></span> <span class='ocrx_word' id='word_1_59' title='bbox 407 1128 606 1207; x_wconf 89' lang='grc' dir='ltr'><strong><em>ἄγναμπτον,</em></strong></span> <span class='ocrx_word' id='word_1_60' title='bbox 630 1126 750 1188; x_wconf 88' lang='lat' dir='ltr'><strong>Ahrons</strong></span> <span class='ocrx_word' id='word_1_61' title='bbox 782 1128 996 1210; x_wconf 85' lang='grc' dir='ltr'><strong><em>ἄκνᾶμπετον,</em></strong></span> <span class='ocrx_word' id='word_1_62' title='bbox 1030 1126 1146 1187; x_wconf 88' lang='lat' dir='ltr'><strong>Arnald</strong></span> <span class='ocrx_word' id='word_1_63' title='bbox 1178 1131 1367 1209; x_wconf 73' lang='grc' dir='ltr'><strong><em>ἄγναμπτον</em></strong></span> <span class='ocrx_word' id='word_1_64' title='bbox 1392 1128 1502 1207; x_wconf 81' lang='grc' dir='ltr'><strong>(τὸν),</strong></span> 
     </span>
     <span class='ocr_line' id='line_1_10' title="bbox 152 1230 1501 1316; baseline 0.004 -25"><span class='ocrx_word' id='word_1_65' title='bbox 152 1230 387 1291; x_wconf 84' lang='lat' dir='ltr'><strong>Winckelmanu</strong></span> <span class='ocrx_word' id='word_1_66' title='bbox 419 1232 608 1312; x_wconf 89' lang='grc' dir='ltr'><strong><em>ἄγναμπτον</em></strong></span> <span class='ocrx_word' id='word_1_67' title='bbox 636 1232 728 1305; x_wconf 91' lang='grc' dir='ltr'><strong><em>&lt;ὃν&gt;.</em></strong></span> <span class='ocrx_word' id='word_1_68' title='bbox 763 1254 791 1292; x_wconf 84' lang='lat' dir='ltr'><strong>v.</strong></span> <span class='ocrx_word' id='word_1_69' title='bbox 819 1236 879 1293; x_wconf 87' lang='grc'><strong>196</strong></span> <span class='ocrx_word' id='word_1_70' title='bbox 904 1233 996 1295; x_wconf 84' lang='grc' dir='ltr'><strong><em>δέδια</em></strong></span> <span class='ocrx_word' id='word_1_71' title='bbox 1018 1232 1046 1295; x_wconf 88' lang='grc' dir='ltr'><strong>δ’</strong></span> <span class='ocrx_word' id='word_1_72' title='bbox 1072 1233 1196 1308; x_wconf 89' lang='lat' dir='ltr'><strong>Porson,</strong></span> <span class='ocrx_word' id='word_1_73' title='bbox 1230 1232 1322 1295; x_wconf 80' lang='grc' dir='ltr'><strong><em>δέδια</em></strong></span> <span class='ocrx_word' id='word_1_74' title='bbox 1343 1236 1372 1316; x_wconf 89' lang='grc' dir='ltr'><strong>γ’</strong></span> <span class='ocrx_word' id='word_1_75' title='bbox 1394 1236 1501 1311; x_wconf 83' lang='lat' dir='ltr'><strong>Bothe,</strong></span> 
     </span>
     <span class='ocr_line' id='line_1_11' title="bbox 153 1335 1505 1424; baseline 0.003 -27"><span class='ocrx_word' id='word_1_76' title='bbox 153 1335 231 1398; x_wconf 83' lang='grc' dir='ltr'><strong><em>δέδι’</em></strong></span> <span class='ocrx_word' id='word_1_77' title='bbox 258 1336 308 1418; x_wconf 81' lang='grc' dir='ltr'><strong>ἄρ’</strong></span> <span class='ocrx_word' id='word_1_78' title='bbox 333 1335 504 1415; x_wconf 79' lang='lat' dir='ltr'><strong>Wellauer3</strong></span> <span class='ocrx_word' id='word_1_79' title='bbox 535 1357 564 1395; x_wconf 84' lang='lat' dir='ltr'><strong>v.</strong></span> <span class='ocrx_word' id='word_1_80' title='bbox 591 1339 652 1397; x_wconf 89' lang='grc'><strong>197</strong></span> <span class='ocrx_word' id='word_1_81' title='bbox 678 1358 780 1398; x_wconf 78' lang='lat' dir='ltr'><strong>omues</strong></span> <span class='ocrx_word' id='word_1_82' title='bbox 813 1358 880 1397; x_wconf 89' lang='lat' dir='ltr'><strong>cum</strong></span> <span class='ocrx_word' id='word_1_83' title='bbox 909 1337 1052 1399; x_wconf 84' lang='lat' dir='ltr'><strong>Turnebo</strong></span> <span class='ocrx_word' id='word_1_84' title='bbox 1085 1343 1132 1423; x_wconf 79' lang='grc' dir='ltr'><strong>πολ</strong></span> <span class='ocrx_word' id='word_1_85' title='bbox 1164 1338 1355 1398; x_wconf 87' lang='lat' dir='ltr'><strong>coniecerunt</strong></span> <span class='ocrx_word' id='word_1_86' title='bbox 1387 1336 1505 1424; x_wconf 81' lang='lat' dir='ltr'><strong>(contra</strong></span> 
     </span>
     <span class='ocr_line' id='line_1_12' title="bbox 149 1440 1447 1525; baseline 0.004 -26"><span class='ocrx_word' id='word_1_87' title='bbox 149 1460 252 1499; x_wconf 91' lang='lat' dir='ltr'><strong>omncs</strong></span> <span class='ocrx_word' id='word_1_88' title='bbox 275 1442 420 1501; x_wconf 88' lang='lat' dir='ltr'><strong>intactum</strong></span> <span class='ocrx_word' id='word_1_89' title='bbox 443 1440 508 1524; x_wconf 82' lang='grc' dir='ltr'><strong><em>όπηι</em></strong></span> <span class='ocrx_word' id='word_1_90' title='bbox 531 1442 719 1521; x_wconf 88' lang='lat' dir='ltr'><strong>reliquerunt</strong></span> <span class='ocrx_word' id='word_1_91' title='bbox 742 1443 842 1502; x_wconf 87' lang='lat' dir='ltr'><strong>Prom.</strong></span> <span class='ocrx_word' id='word_1_92' title='bbox 868 1445 930 1503; x_wconf 92' lang='grc'><strong>937</strong></span> <span class='ocrx_word' id='word_1_93' title='bbox 953 1464 1009 1523; x_wconf 78' lang='lat' dir='ltr'><strong>sq,</strong></span> <span class='ocrx_word' id='word_1_94' title='bbox 1034 1442 1093 1520; x_wconf 83' lang='lat' dir='ltr'><strong>Ag.</strong></span> <span class='ocrx_word' id='word_1_95' title='bbox 1120 1444 1213 1517; x_wconf 81' lang='grc'><strong>1534,</strong></span> <span class='ocrx_word' id='word_1_96' title='bbox 1240 1441 1314 1507; x_wconf 84' lang='lat' dir='ltr'><strong>Oho.</strong></span> <span class='ocrx_word' id='word_1_97' title='bbox 1341 1446 1447 1525; x_wconf 90' lang='grc'><strong>1019).</strong></span> 
     </span>
     <span class='ocr_line' id='line_1_13' title="bbox 240 1545 691 1625; baseline 0.004 -22"><span class='ocrx_word' id='word_1_98' title='bbox 240 1545 323 1605; x_wconf 89' lang='lat' dir='ltr'><strong>Pers.</strong></span> <span class='ocrx_word' id='word_1_99' title='bbox 350 1546 411 1603; x_wconf 87' lang='grc'><strong>559</strong></span> <span class='ocrx_word' id='word_1_100' title='bbox 435 1548 606 1623; x_wconf 82' lang='lat' dir='ltr'><strong>sq.=569</strong></span> <span class='ocrx_word' id='word_1_101' title='bbox 630 1568 691 1625; x_wconf 90' lang='lat' dir='ltr'><strong>sq.:</strong></span> 
     </span>
     <span class='ocr_line' id='line_1_14' title="bbox 193 1645 1504 1735; baseline 0.005 -27"><span class='ocrx_word' id='word_1_102' title='bbox 193 1658 243 1708; x_wconf 88' lang='lat' dir='ltr'><strong>str.</strong></span> <span class='ocrx_word' id='word_1_103' title='bbox 266 1645 420 1732; x_wconf 79' lang='grc' dir='ltr'><strong><em>τόξαρχος</em></strong></span> <span class='ocrx_word' id='word_1_104' title='bbox 429 1651 604 1732; x_wconf 81' lang='grc' dir='ltr'><strong><em>πολιήταις,</em></strong></span> <span class='ocrx_word' id='word_1_105' title='bbox 620 1650 623 1734; x_wconf 97' lang='grc' dir='ltr'>Ι</span> <span class='ocrx_word' id='word_1_106' title='bbox 636 1653 814 1727; x_wconf 89' lang='grc' dir='ltr'><strong><em>Σουσίδαις</em></strong></span> <span class='ocrx_word' id='word_1_107' title='bbox 823 1654 917 1735; x_wconf 85' lang='grc' dir='ltr'><strong><em>φίλος</em></strong></span> <span class='ocrx_word' id='word_1_108' title='bbox 927 1654 1033 1733; x_wconf 88' lang='grc' dir='ltr'><strong><em>ἄκτωρ</em></strong></span> <span class='ocrx_word' id='word_1_109' title='bbox 1042 1684 1068 1713; x_wconf 59' lang='lat' dir='ltr'><strong>a</strong></span> <span class='ocrx_word' id='word_1_110' title='bbox 1077 1705 1102 1713; x_wconf 91' lang='lat'>-</span> <span class='ocrx_word' id='word_1_111' title='bbox 1111 1690 1184 1714; x_wconf 65' lang='lat' dir='ltr'><strong>,oc</strong></span> <span class='ocrx_word' id='word_1_112' title='bbox 1193 1682 1218 1713; x_wconf 67' lang='lat' dir='ltr'><strong>m</strong></span> <span class='ocrx_word' id='word_1_113' title='bbox 1229 1694 1275 1714; x_wconf 57' lang='grc' dir='ltr'><strong>,Α</strong></span> <span class='ocrx_word' id='word_1_114' title='bbox 1290 1683 1468 1722; x_wconf 38' lang='lat' dir='ltr'><strong>,Leaen</strong></span> <span class='ocrx_word' id='word_1_115' title='bbox 1478 1708 1504 1716; x_wconf 87' lang='lat'><strong>-</strong></span> 
     </span>
     <span class='ocr_line' id='line_1_15' title="bbox 184 1754 1504 1841; baseline 0.007 -30"><span class='ocrx_word' id='word_1_116' title='bbox 184 1762 244 1813; x_wconf 89' lang='lat' dir='ltr'><strong>ant.</strong></span> <span class='ocrx_word' id='word_1_117' title='bbox 265 1754 394 1837; x_wconf 80' lang='grc' dir='ltr'><strong><em>Θρῄκης</em></strong></span> <span class='ocrx_word' id='word_1_118' title='bbox 416 1754 460 1836; x_wconf 90' lang='grc' dir='ltr'><strong>ἄμ</strong></span> <span class='ocrx_word' id='word_1_119' title='bbox 482 1756 644 1839; x_wconf 82' lang='grc' dir='ltr'><strong><em>πεδιήρεις</em></strong></span> <span class='ocrx_word' id='word_1_120' title='bbox 664 1754 668 1839; x_wconf 95' lang='grc' dir='ltr'>Ι</span> <span class='ocrx_word' id='word_1_121' title='bbox 688 1757 974 1841; x_wconf 80' lang='grc' dir='ltr'><strong><em>δυσχειμέρουςτε</em></strong></span> <span class='ocrx_word' id='word_1_122' title='bbox 1038 1789 1264 1841; x_wconf 50' lang='grc' dir='ltr'><strong>,νημαι-1</strong></span> <span class='ocrx_word' id='word_1_123' title='bbox 1338 1789 1504 1821; x_wconf 54' lang='grc' dir='ltr'><strong>Μοι-</strong></span> 
     </span>
     <span class='ocr_line' id='line_1_16' title="bbox 688 1864 874 1937; baseline -0.016 -12"><span class='ocrx_word' id='word_1_124' title='bbox 688 1864 874 1937; x_wconf 74' lang='grc' dir='ltr'><strong><em>κελεύθους.</em></strong></span> 
     </span>
     <span class='ocr_line' id='line_1_17' title="bbox 149 1961 1503 2050; baseline 0.005 -29"><span class='ocrx_word' id='word_1_125' title='bbox 149 1961 277 2022; x_wconf 88' lang='lat' dir='ltr'><strong>Modicci</strong></span> <span class='ocrx_word' id='word_1_126' title='bbox 298 1964 446 2043; x_wconf 88' lang='lat' dir='ltr'><strong>scriptura</strong></span> <span class='ocrx_word' id='word_1_127' title='bbox 469 1964 709 2050; x_wconf 89' lang='grc' dir='ltr'><strong><em>δυσχειμέρους,</em></strong></span> <span class='ocrx_word' id='word_1_128' title='bbox 738 1988 828 2048; x_wconf 87' lang='lat' dir='ltr'><strong>quam</strong></span> <span class='ocrx_word' id='word_1_129' title='bbox 852 1988 953 2031; x_wconf 89' lang='lat' dir='ltr'><strong>omnes</strong></span> <span class='ocrx_word' id='word_1_130' title='bbox 977 1966 1105 2027; x_wconf 89' lang='lat' dir='ltr'><strong>Arnaldi</strong></span> <span class='ocrx_word' id='word_1_131' title='bbox 1131 1977 1296 2027; x_wconf 86' lang='lat' dir='ltr'><strong>commento</strong></span> <span class='ocrx_word' id='word_1_132' title='bbox 1325 1966 1503 2048; x_wconf 81' lang='grc' dir='ltr'><strong><em>δυσχίμους</em></strong></span> 
     </span>
     <span class='ocr_line' id='line_1_18' title="bbox 150 2069 1502 2156; baseline 0.004 -31"><span class='ocrx_word' id='word_1_133' title='bbox 150 2077 390 2146; x_wconf 88' lang='lat' dir='ltr'><strong>postposuerunt,</strong></span> <span class='ocrx_word' id='word_1_134' title='bbox 415 2069 509 2129; x_wconf 90' lang='lat' dir='ltr'><strong>multo</strong></span> <span class='ocrx_word' id='word_1_135' title='bbox 527 2070 625 2151; x_wconf 86' lang='lat' dir='ltr'><strong>aptior</strong></span> <span class='ocrx_word' id='word_1_136' title='bbox 641 2092 730 2151; x_wconf 92' lang='lat' dir='ltr'><strong>quam</strong></span> <span class='ocrx_word' id='word_1_137' title='bbox 746 2071 822 2130; x_wconf 92' lang='lat' dir='ltr'><strong>illud</strong></span> <span class='ocrx_word' id='word_1_138' title='bbox 844 2072 1020 2156; x_wconf 83' lang='grc' dir='ltr'><strong><em>δυσχίμους</em></strong></span> <span class='ocrx_word' id='word_1_139' title='bbox 1035 2070 1164 2133; x_wconf 85' lang='lat' dir='ltr'><strong>videtur.</strong></span> <span class='ocrx_word' id='word_1_140' title='bbox 1189 2071 1282 2131; x_wconf 87' lang='lat' dir='ltr'><strong>multo</strong></span> <span class='ocrx_word' id='word_1_141' title='bbox 1299 2073 1379 2131; x_wconf 90' lang='lat' dir='ltr'><strong>enim</strong></span> <span class='ocrx_word' id='word_1_142' title='bbox 1395 2072 1502 2150; x_wconf 82' lang='lat' dir='ltr'><strong>magis,</strong></span> 
     </span>
     <span class='ocr_line' id='line_1_19' title="bbox 152 2175 1503 2256; baseline 0.004 -28"><span class='ocrx_word' id='word_1_143' title='bbox 152 2179 185 2229; x_wconf 92' lang='lat' dir='ltr'><strong>ut</strong></span> <span class='ocrx_word' id='word_1_144' title='bbox 208 2180 253 2230; x_wconf 87' lang='lat' dir='ltr'><strong>est</strong></span> <span class='ocrx_word' id='word_1_145' title='bbox 275 2192 343 2231; x_wconf 89' lang='lat' dir='ltr'><strong>mea</strong></span> <span class='ocrx_word' id='word_1_146' title='bbox 366 2176 524 2248; x_wconf 79' lang='lat' dir='ltr'><strong>sententia,</strong></span> <span class='ocrx_word' id='word_1_147' title='bbox 550 2175 699 2255; x_wconf 80' lang='lat' dir='ltr'><strong>Aeschyli</strong></span> <span class='ocrx_word' id='word_1_148' title='bbox 722 2178 888 2256; x_wconf 71' lang='lat' dir='ltr'><strong>optimique</strong></span> <span class='ocrx_word' id='word_1_149' title='bbox 914 2178 1060 2256; x_wconf 89' lang='lat' dir='ltr'><strong>cuiusque</strong></span> <span class='ocrx_word' id='word_1_150' title='bbox 1082 2185 1189 2255; x_wconf 86' lang='lat' dir='ltr'><strong>poetae</strong></span> <span class='ocrx_word' id='word_1_151' title='bbox 1211 2176 1393 2256; x_wconf 79' lang='lat' dir='ltr'><strong>elegantiam</strong></span> <span class='ocrx_word' id='word_1_152' title='bbox 1410 2177 1503 2256; x_wconf 87' lang='lat' dir='ltr'><strong>sapit:</strong></span> 
     </span>
     <span class='ocr_line' id='line_1_20' title="bbox 151 2278 1505 2364; baseline 0.004 -31"><span class='ocrx_word' id='word_1_153' title='bbox 151 2296 220 2334; x_wconf 90' lang='lat' dir='ltr'><strong>nam</strong></span> <span class='ocrx_word' id='word_1_154' title='bbox 243 2278 352 2337; x_wconf 87' lang='lat' dir='ltr'><strong>rectius</strong></span> <span class='ocrx_word' id='word_1_155' title='bbox 375 2278 527 2337; x_wconf 85' lang='lat' dir='ltr'><strong>Thraciae</strong></span> <span class='ocrx_word' id='word_1_156' title='bbox 550 2280 622 2340; x_wconf 88' lang='lat' dir='ltr'><strong>illae</strong></span> <span class='ocrx_word' id='word_1_157' title='bbox 645 2283 714 2340; x_wconf 85' lang='lat' dir='ltr'><strong>viae</strong></span> <span class='ocrx_word' id='word_1_158' title='bbox 741 2281 946 2364; x_wconf 80' lang='grc' dir='ltr'><strong><em>δυσχείμερον</em></strong></span> <span class='ocrx_word' id='word_1_159' title='bbox 976 2282 1007 2340; x_wconf 90' lang='lat' dir='ltr'><strong>h.</strong></span> <span class='ocrx_word' id='word_1_160' title='bbox 1037 2303 1062 2341; x_wconf 90' lang='lat' dir='ltr'><strong>e.</strong></span> <span class='ocrx_word' id='word_1_161' title='bbox 1095 2281 1323 2361; x_wconf 73' lang='lat' dir='ltr'><strong>tempestatibus</strong></span> <span class='ocrx_word' id='word_1_162' title='bbox 1356 2280 1505 2340; x_wconf 85' lang='lat' dir='ltr'><strong>obnoxiae</strong></span> 
     </span>
     <span class='ocr_line' id='line_1_21' title="bbox 151 2384 1504 2471; baseline 0.007 -33"><span class='ocrx_word' id='word_1_163' title='bbox 151 2390 297 2440; x_wconf 86' lang='lat' dir='ltr'><strong>vocantur</strong></span> <span class='ocrx_word' id='word_1_164' title='bbox 313 2384 363 2457; x_wconf 84' lang='lat' dir='ltr'><strong>(cf.</strong></span> <span class='ocrx_word' id='word_1_165' title='bbox 381 2384 480 2443; x_wconf 90' lang='lat' dir='ltr'><strong>Prom.</strong></span> <span class='ocrx_word' id='word_1_166' title='bbox 501 2386 552 2458; x_wconf 87' lang='grc'><strong>15,</strong></span> <span class='ocrx_word' id='word_1_167' title='bbox 570 2386 643 2461; x_wconf 87' lang='grc'><strong>772,</strong></span> <span class='ocrx_word' id='word_1_168' title='bbox 662 2388 733 2449; x_wconf 77' lang='lat' dir='ltr'><strong>Eur.</strong></span> <span class='ocrx_word' id='word_1_169' title='bbox 750 2387 817 2445; x_wconf 91' lang='lat' dir='ltr'><strong>Alc.</strong></span> <span class='ocrx_word' id='word_1_170' title='bbox 844 2390 883 2447; x_wconf 82' lang='lat'><strong>67</strong></span> <span class='ocrx_word' id='word_1_171' title='bbox 912 2389 1062 2471; x_wconf 81' lang='grc' dir='ltr'><strong><em>Θρήκης</em></strong></span> <span class='ocrx_word' id='word_1_172' title='bbox 1085 2386 1120 2449; x_wconf 90' lang='grc' dir='ltr'><strong>έκ</strong></span> <span class='ocrx_word' id='word_1_173' title='bbox 1142 2387 1253 2449; x_wconf 91' lang='grc' dir='ltr'><strong><em>τόπων</em></strong></span> <span class='ocrx_word' id='word_1_174' title='bbox 1273 2385 1504 2468; x_wconf 85' lang='grc' dir='ltr'><strong><em>δυσχειμέρων,</em></strong></span> 
     </span>
     <span class='ocr_line' id='line_1_22' title="bbox 153 2486 1542 2573; baseline 0.002 -29"><span class='ocrx_word' id='word_1_175' title='bbox 153 2507 211 2565; x_wconf 92' lang='lat' dir='ltr'><strong>quo</strong></span> <span class='ocrx_word' id='word_1_176' title='bbox 232 2486 299 2546; x_wconf 90' lang='lat' dir='ltr'><strong>loco</strong></span> <span class='ocrx_word' id='word_1_177' title='bbox 314 2489 440 2549; x_wconf 86' lang='lat' dir='ltr'><strong>fortasse</strong></span> <span class='ocrx_word' id='word_1_178' title='bbox 455 2490 508 2550; x_wconf 91' lang='lat' dir='ltr'><strong>ille</strong></span> <span class='ocrx_word' id='word_1_179' title='bbox 525 2490 711 2570; x_wconf 85' lang='lat' dir='ltr'><strong>Aeschylum</strong></span> <span class='ocrx_word' id='word_1_180' title='bbox 728 2495 869 2573; x_wconf 85' lang='lat' dir='ltr'><strong>respexit,</strong></span> <span class='ocrx_word' id='word_1_181' title='bbox 894 2492 1008 2551; x_wconf 83' lang='lat' dir='ltr'><strong>Herod.</strong></span> <span class='ocrx_word' id='word_1_182' title='bbox 1024 2493 1070 2552; x_wconf 95' lang='lat' dir='ltr'><strong>IV</strong></span> <span class='ocrx_word' id='word_1_183' title='bbox 1087 2490 1152 2573; x_wconf 90' lang='grc'><strong>28),</strong></span> <span class='ocrx_word' id='word_1_184' title='bbox 1170 2514 1261 2572; x_wconf 90' lang='lat' dir='ltr'><strong>quam</strong></span> <span class='ocrx_word' id='word_1_185' title='bbox 1283 2494 1315 2551; x_wconf 91' lang='lat' dir='ltr'><strong>in</strong></span> <span class='ocrx_word' id='word_1_186' title='bbox 1330 2492 1504 2551; x_wconf 86' lang='lat' dir='ltr'><strong>universnm</strong></span> <span class='ocrx_word' id='word_1_187' title='bbox 1537 2495 1542 2500; x_wconf 86' lang='grc'><em>“</em></span> 
     </span>
     <span class='ocr_line' id='line_1_23' title="bbox 153 2591 1502 2677; baseline -0.001 -24"><span class='ocrx_word' id='word_1_188' title='bbox 153 2591 302 2673; x_wconf 88' lang='grc' dir='ltr'><strong><em>δύσχιμοι</em></strong></span> <span class='ocrx_word' id='word_1_189' title='bbox 311 2591 374 2655; x_wconf 92' lang='lat' dir='ltr'><strong>h.e.</strong></span> <span class='ocrx_word' id='word_1_190' title='bbox 385 2596 579 2674; x_wconf 87' lang='lat' dir='ltr'><strong>perniciosae,</strong></span> <span class='ocrx_word' id='word_1_191' title='bbox 591 2597 699 2669; x_wconf 87' lang='lat' dir='ltr'><strong>malae,</strong></span> <span class='ocrx_word' id='word_1_192' title='bbox 714 2597 792 2677; x_wconf 90' lang='lat' dir='ltr'><strong>quod</strong></span> <span class='ocrx_word' id='word_1_193' title='bbox 806 2596 990 2657; x_wconf 88' lang='lat' dir='ltr'><strong>adtributum</strong></span> <span class='ocrx_word' id='word_1_194' title='bbox 1005 2607 1106 2677; x_wconf 88' lang='lat' dir='ltr'><strong>aptum</strong></span> <span class='ocrx_word' id='word_1_195' title='bbox 1117 2606 1162 2657; x_wconf 90' lang='lat' dir='ltr'><strong>cst</strong></span> <span class='ocrx_word' id='word_1_196' title='bbox 1173 2597 1334 2677; x_wconf 64' lang='lat' dir='ltr'><strong>Septaso,</strong></span> <span class='ocrx_word' id='word_1_197' title='bbox 1347 2594 1422 2655; x_wconf 84' lang='lat' dir='ltr'><strong>Oho.</strong></span> <span class='ocrx_word' id='word_1_198' title='bbox 1431 2595 1502 2654; x_wconf 83' lang='lat'><strong>185.</strong></span> 
     </span>
     <span class='ocr_line' id='line_1_24' title="bbox 151 2695 1439 2784; baseline 0.006 -30"><span class='ocrx_word' id='word_1_199' title='bbox 151 2695 225 2755; x_wconf 90' lang='lat' dir='ltr'><strong>nihil</strong></span> <span class='ocrx_word' id='word_1_200' title='bbox 249 2695 287 2755; x_wconf 92' lang='lat' dir='ltr'><strong>ad</strong></span> <span class='ocrx_word' id='word_1_201' title='bbox 310 2698 457 2778; x_wconf 88' lang='lat' dir='ltr'><strong>Aeschyli</strong></span> <span class='ocrx_word' id='word_1_202' title='bbox 479 2701 552 2760; x_wconf 79' lang='lat' dir='ltr'><strong>facit</strong></span> <span class='ocrx_word' id='word_1_203' title='bbox 574 2702 672 2759; x_wconf 91' lang='lat' dir='ltr'><strong>locum</strong></span> <span class='ocrx_word' id='word_1_204' title='bbox 697 2702 768 2761; x_wconf 85' lang='lat' dir='ltr'><strong>Eur.</strong></span> <span class='ocrx_word' id='word_1_205' title='bbox 794 2702 903 2763; x_wconf 89' lang='lat' dir='ltr'><strong>Bacch.</strong></span> <span class='ocrx_word' id='word_1_206' title='bbox 931 2703 968 2761; x_wconf 89' lang='grc'><strong>15</strong></span> <span class='ocrx_word' id='word_1_207' title='bbox 993 2702 1151 2784; x_wconf 88' lang='grc' dir='ltr'><strong><em>δύσχιμον</em></strong></span> <span class='ocrx_word' id='word_1_208' title='bbox 1172 2702 1278 2781; x_wconf 75' lang='grc' dir='ltr'><strong><em>χθόνα</em></strong></span> <span class='ocrx_word' id='word_1_209' title='bbox 1301 2700 1439 2782; x_wconf 82' lang='grc' dir='ltr'><strong><em>Μήδων.</em></strong></span> 
     </span>
     <span class='ocr_line' id='line_1_25' title="bbox 238 2802 817 2886; baseline 0.012 -26"><span class='ocrx_word' id='word_1_210' title='bbox 238 2802 320 2863; x_wconf 89' lang='lat' dir='ltr'><strong>Pers.</strong></span> <span class='ocrx_word' id='word_1_211' title='bbox 346 2806 407 2863; x_wconf 88' lang='grc'><strong>868</strong></span> <span class='ocrx_word' id='word_1_212' title='bbox 432 2808 603 2884; x_wconf 84' lang='lat' dir='ltr'><strong>sq.=876</strong></span> <span class='ocrx_word' id='word_1_213' title='bbox 628 2826 689 2886; x_wconf 88' lang='lat' dir='ltr'><strong>sq.:</strong></span> <span class='ocrx_word' id='word_1_214' title='bbox 815 2864 817 2867; x_wconf 84' lang='grc'><strong>,</strong></span> 
     </span>
     <span class='ocr_line' id='line_1_26' title="bbox 194 2905 1502 2994; baseline 0.005 -29"><span class='ocrx_word' id='word_1_215' title='bbox 194 2914 244 2967; x_wconf 89' lang='lat' dir='ltr'><strong>str.</strong></span> <span class='ocrx_word' id='word_1_216' title='bbox 268 2909 378 2983; x_wconf 81' lang='grc' dir='ltr'><strong><em>Ἅλυος</em></strong></span> <span class='ocrx_word' id='word_1_217' title='bbox 399 2919 546 2991; x_wconf 88' lang='grc' dir='ltr'><strong><em>ποταμοῦ</em></strong></span> <span class='ocrx_word' id='word_1_218' title='bbox 568 2905 572 2994; x_wconf 91' lang='grc' dir='ltr'>Ι</span> <span class='ocrx_word' id='word_1_219' title='bbox 593 2910 662 2974; x_wconf 78' lang='grc' dir='ltr'><strong><em>οὐδ’</em></strong></span> <span class='ocrx_word' id='word_1_220' title='bbox 687 2911 740 2994; x_wconf 79' lang='grc' dir='ltr'><strong>ἀφ’</strong></span> <span class='ocrx_word' id='word_1_221' title='bbox 766 2911 872 2986; x_wconf 80' lang='grc' dir='ltr'><strong><em>ἑστίας</em></strong></span> <span class='ocrx_word' id='word_1_222' title='bbox 895 2912 1009 2985; x_wconf 74' lang='grc' dir='ltr'><strong><em>συθείς</em></strong></span> <span class='ocrx_word' id='word_1_223' title='bbox 1096 2941 1271 2972; x_wconf 49' lang='lat' dir='ltr'><strong>abaco„</strong></span> <span class='ocrx_word' id='word_1_224' title='bbox 1286 2940 1290 2993; x_wconf 69' lang='grc' dir='ltr'>Ι</span> <span class='ocrx_word' id='word_1_225' title='bbox 1305 2941 1502 2971; x_wconf 50' lang='grc' dir='ltr'><strong>,ιο-ιιι,</strong></span> 
     </span>
     <span class='ocr_line' id='line_1_27' title="bbox 185 3010 1502 3099; baseline 0.005 -29"><span class='ocrx_word' id='word_1_226' title='bbox 185 3020 246 3073; x_wconf 87' lang='lat' dir='ltr'><strong>ant.</strong></span> <span class='ocrx_word' id='word_1_227' title='bbox 271 3010 472 3095; x_wconf 78' lang='grc' dir='ltr'><strong><em>ἐληλαμέναι</em></strong></span> <span class='ocrx_word' id='word_1_228' title='bbox 491 3015 565 3098; x_wconf 79' lang='grc' dir='ltr'><strong><em>περὶ</em></strong></span> <span class='ocrx_word' id='word_1_229' title='bbox 581 3016 709 3098; x_wconf 89' lang='grc' dir='ltr'><strong><em>πύργον</em></strong></span> <span class='ocrx_word' id='word_1_230' title='bbox 724 3014 727 3099; x_wconf 98' lang='grc' dir='ltr'>Ι</span> <span class='ocrx_word' id='word_1_231' title='bbox 740 3015 829 3078; x_wconf 87' lang='grc' dir='ltr'><strong><em>τοῦδ’</em></strong></span> <span class='ocrx_word' id='word_1_232' title='bbox 844 3017 983 3089; x_wconf 91' lang='grc' dir='ltr'><strong><em>ἄνακτος</em></strong></span> <span class='ocrx_word' id='word_1_233' title='bbox 997 3018 1081 3077; x_wconf 90' lang='grc' dir='ltr'><strong><em>ἄιον.</em></strong></span> <span class='ocrx_word' id='word_1_234' title='bbox 1095 3046 1276 3075; x_wconf 52' lang='grc' dir='ltr'><strong>νοω--</strong></span> <span class='ocrx_word' id='word_1_235' title='bbox 1287 3046 1291 3097; x_wconf 70' lang='grc' dir='ltr'>Ι</span> <span class='ocrx_word' id='word_1_236' title='bbox 1301 3045 1354 3075; x_wconf 47' lang='lat' dir='ltr'><strong>aa</strong></span> <span class='ocrx_word' id='word_1_237' title='bbox 1370 3053 1411 3075; x_wconf 63' lang='grc' dir='ltr'><strong>,υ</strong></span> <span class='ocrx_word' id='word_1_238' title='bbox 1422 3047 1502 3077; x_wconf 52' lang='grc' dir='ltr'><strong>,ιυ-</strong></span> 
     </span>
     <span class='ocr_line' id='line_1_28' title="bbox 151 3114 1502 3203; baseline 0.006 -29"><span class='ocrx_word' id='word_1_239' title='bbox 151 3118 181 3175; x_wconf 88' lang='lat' dir='ltr'><strong>in</strong></span> <span class='ocrx_word' id='word_1_240' title='bbox 216 3117 293 3175; x_wconf 87' lang='lat' dir='ltr'><strong>Med.</strong></span> <span class='ocrx_word' id='word_1_241' title='bbox 323 3120 468 3199; x_wconf 85' lang='lat' dir='ltr'><strong>scriptura</strong></span> <span class='ocrx_word' id='word_1_242' title='bbox 499 3120 676 3201; x_wconf 85' lang='grc' dir='ltr'><strong><em>ποταμοῦδ</em></strong></span> <span class='ocrx_word' id='word_1_243' title='bbox 706 3120 835 3179; x_wconf 89' lang='lat' dir='ltr'><strong>altorum</strong></span> <span class='ocrx_word' id='word_1_244' title='bbox 866 3142 907 3183; x_wconf 92' lang='grc' dir='ltr'><strong>ου</strong></span> <span class='ocrx_word' id='word_1_245' title='bbox 939 3119 1065 3179; x_wconf 87' lang='lat' dir='ltr'><strong>alterum</strong></span> <span class='ocrx_word' id='word_1_246' title='bbox 1098 3118 1254 3179; x_wconf 91' lang='lat' dir='ltr'><strong>absorbuit</strong></span> <span class='ocrx_word' id='word_1_247' title='bbox 1290 3114 1502 3203; x_wconf 85' lang='grc' dir='ltr'><strong><em>(σκληροτέρα</em></strong></span> 
     </span>
     <span class='ocr_line' id='line_1_29' title="bbox 152 3220 1503 3307; baseline 0 -25"><span class='ocrx_word' id='word_1_248' title='bbox 152 3220 170 3301; x_wconf 84' lang='grc' dir='ltr'><em>ἡ</em></span> <span class='ocrx_word' id='word_1_249' title='bbox 194 3222 375 3305; x_wconf 81' lang='grc' dir='ltr'><strong><em>συναλοιφή</em></strong></span> <span class='ocrx_word' id='word_1_250' title='bbox 397 3223 582 3305; x_wconf 81' lang='grc' dir='ltr'><strong><em>ποταμουδὲ</em></strong></span> <span class='ocrx_word' id='word_1_251' title='bbox 605 3224 659 3307; x_wconf 78' lang='grc' dir='ltr'><strong>ἀφ’</strong></span> <span class='ocrx_word' id='word_1_252' title='bbox 677 3223 792 3303; x_wconf 83' lang='grc' dir='ltr'><strong><em>ἑστίας,</em></strong></span> <span class='ocrx_word' id='word_1_253' title='bbox 816 3222 889 3287; x_wconf 86' lang='grc' dir='ltr'><strong><em>οἶόν</em></strong></span> <span class='ocrx_word' id='word_1_254' title='bbox 911 3222 978 3286; x_wconf 88' lang='grc' dir='ltr'><strong><em>έστι</em></strong></span> <span class='ocrx_word' id='word_1_255' title='bbox 1000 3224 1038 3287; x_wconf 89' lang='grc' dir='ltr'><strong>τὸ</strong></span> <span class='ocrx_word' id='word_1_256' title='bbox 1059 3224 1214 3287; x_wconf 84' lang='grc' dir='ltr'><strong><em>τουένεκα</em></strong></span> <span class='ocrx_word' id='word_1_257' title='bbox 1228 3223 1367 3286; x_wconf 84' lang='grc' dir='ltr'><strong><em>τούνεκα</em></strong></span> <span class='ocrx_word' id='word_1_258' title='bbox 1388 3220 1503 3306; x_wconf 84' lang='lat' dir='ltr'><strong>Schol.)</strong></span> 
     </span>
     <span class='ocr_line' id='line_1_30' title="bbox 152 3328 1502 3411; baseline 0.004 -27"><span class='ocrx_word' id='word_1_259' title='bbox 152 3345 187 3383; x_wconf 89' lang='lat' dir='ltr'><strong>ac</strong></span> <span class='ocrx_word' id='word_1_260' title='bbox 209 3328 269 3385; x_wconf 88' lang='lat' dir='ltr'><strong>iarn</strong></span> <span class='ocrx_word' id='word_1_261' title='bbox 292 3330 478 3403; x_wconf 84' lang='lat' dir='ltr'><strong>grammatici</strong></span> <span class='ocrx_word' id='word_1_262' title='bbox 495 3330 658 3408; x_wconf 82' lang='lat' dir='ltr'><strong>Byzantini</strong></span> <span class='ocrx_word' id='word_1_263' title='bbox 681 3338 829 3411; x_wconf 83' lang='grc' dir='ltr'><strong><em>ποταμοῦ</em></strong></span> <span class='ocrx_word' id='word_1_264' title='bbox 853 3328 922 3392; x_wconf 82' lang='grc' dir='ltr'><strong><em>οὐδ’</em></strong></span> <span class='ocrx_word' id='word_1_265' title='bbox 935 3329 986 3388; x_wconf 90' lang='lat' dir='ltr'><strong>vel</strong></span> <span class='ocrx_word' id='word_1_266' title='bbox 1001 3339 1149 3410; x_wconf 84' lang='grc' dir='ltr'><strong><em>ποταμοῦ</em></strong></span> <span class='ocrx_word' id='word_1_267' title='bbox 1171 3332 1200 3411; x_wconf 81' lang='grc' dir='ltr'><strong>γ’</strong></span> <span class='ocrx_word' id='word_1_268' title='bbox 1212 3328 1281 3391; x_wconf 84' lang='grc' dir='ltr'><strong><em>οὐδ’</em></strong></span> <span class='ocrx_word' id='word_1_269' title='bbox 1299 3337 1502 3390; x_wconf 72' lang='lat' dir='ltr'><strong>correxerunt.</strong></span> 
     </span>
     <span class='ocr_line' id='line_1_31' title="bbox 152 3433 1505 3516; baseline 0.002 -28"><span class='ocrx_word' id='word_1_270' title='bbox 152 3450 232 3489; x_wconf 89' lang='lat' dir='ltr'><strong>nuno</strong></span> <span class='ocrx_word' id='word_1_271' title='bbox 248 3452 320 3490; x_wconf 88' lang='lat' dir='ltr'><strong>vero</strong></span> <span class='ocrx_word' id='word_1_272' title='bbox 346 3452 448 3492; x_wconf 88' lang='lat' dir='ltr'><strong>omues</strong></span> <span class='ocrx_word' id='word_1_273' title='bbox 468 3434 531 3493; x_wconf 84' lang='lat' dir='ltr'><strong>fere</strong></span> <span class='ocrx_word' id='word_1_274' title='bbox 547 3434 672 3493; x_wconf 88' lang='lat' dir='ltr'><strong>Burneii</strong></span> <span class='ocrx_word' id='word_1_275' title='bbox 694 3436 895 3493; x_wconf 84' lang='lat' dir='ltr'><strong>coniecturam</strong></span> <span class='ocrx_word' id='word_1_276' title='bbox 918 3443 1078 3516; x_wconf 84' lang='grc' dir='ltr'><strong><em>ποταμοῖο</em></strong></span> <span class='ocrx_word' id='word_1_277' title='bbox 1102 3433 1172 3497; x_wconf 79' lang='grc' dir='ltr'><strong><em>οὐδ’</em></strong></span> <span class='ocrx_word' id='word_1_278' title='bbox 1190 3434 1323 3513; x_wconf 84' lang='lat' dir='ltr'><strong>amplexi</strong></span> <span class='ocrx_word' id='word_1_279' title='bbox 1344 3442 1421 3506; x_wconf 88' lang='lat' dir='ltr'><strong>sunt,</strong></span> <span class='ocrx_word' id='word_1_280' title='bbox 1446 3434 1505 3492; x_wconf 92' lang='lat' dir='ltr'><strong>uisi</strong></span> 
     </span>
     <span class='ocr_line' id='line_1_32' title="bbox 154 3521 1505 3619; baseline 0.002 -26"><span class='ocrx_word' id='word_1_281' title='bbox 154 3534 232 3615; x_wconf 89' lang='lat' dir='ltr'><strong>quod</strong></span> <span class='ocrx_word' id='word_1_282' title='bbox 245 3544 393 3617; x_wconf 89' lang='grc' dir='ltr'><strong><em>ποταμοῦ</em></strong></span> <span class='ocrx_word' id='word_1_283' title='bbox 409 3536 448 3618; x_wconf 89' lang='grc' dir='ltr'><strong>δή</strong></span> <span class='ocrx_word' id='word_1_284' title='bbox 459 3538 579 3616; x_wconf 84' lang='lat' dir='ltr'><strong>Kupfer</strong></span> <span class='ocrx_word' id='word_1_285' title='bbox 589 3540 715 3619; x_wconf 86' lang='lat' dir='ltr'><strong>scripsit.</strong></span> <span class='ocrx_word' id='word_1_286' title='bbox 733 3546 834 3598; x_wconf 91' lang='lat' dir='ltr'><strong>nostra</strong></span> <span class='ocrx_word' id='word_1_287' title='bbox 845 3557 916 3597; x_wconf 87' lang='lat' dir='ltr'><strong>vero</strong></span> <span class='ocrx_word' id='word_1_288' title='bbox 928 3538 1073 3598; x_wconf 87' lang='lat' dir='ltr'><strong>metiendi</strong></span> <span class='ocrx_word' id='word_1_289' title='bbox 1088 3540 1204 3597; x_wconf 87' lang='lat' dir='ltr'><strong>ratione</strong></span> <span class='ocrx_word' id='word_1_290' title='bbox 1216 3536 1343 3617; x_wconf 86' lang='lat' dir='ltr'><strong>probata</strong></span> <span class='ocrx_word' id='word_1_291' title='bbox 1352 3521 1505 3598; x_wconf 86' lang='lat' dir='ltr'><strong>evanescit</strong></span> 
     </span>
     <span class='ocr_line' id='line_1_33' title="bbox 152 3640 1504 3726; baseline 0.001 -27"><span class='ocrx_word' id='word_1_292' title='bbox 152 3641 272 3721; x_wconf 90' lang='lat' dir='ltr'><strong>plenior</strong></span> <span class='ocrx_word' id='word_1_293' title='bbox 286 3642 339 3702; x_wconf 90' lang='lat' dir='ltr'><strong>illa</strong></span> <span class='ocrx_word' id='word_1_294' title='bbox 348 3645 481 3723; x_wconf 84' lang='lat' dir='ltr'><strong>genetivi</strong></span> <span class='ocrx_word' id='word_1_295' title='bbox 493 3646 589 3703; x_wconf 85' lang='lat' dir='ltr'><strong>forma</strong></span> <span class='ocrx_word' id='word_1_296' title='bbox 604 3653 634 3704; x_wconf 86' lang='lat' dir='ltr'><strong>et</strong></span> <span class='ocrx_word' id='word_1_297' title='bbox 649 3644 738 3704; x_wconf 89' lang='lat' dir='ltr'><strong>hicet</strong></span> <span class='ocrx_word' id='word_1_298' title='bbox 750 3664 778 3704; x_wconf 89' lang='lat' dir='ltr'><strong>v.</strong></span> <span class='ocrx_word' id='word_1_299' title='bbox 789 3647 849 3704; x_wconf 91' lang='grc'><strong>571</strong></span> <span class='ocrx_word' id='word_1_300' title='bbox 861 3644 948 3724; x_wconf 72' lang='lat' dir='ltr'><strong>(cip.</strong></span> <span class='ocrx_word' id='word_1_301' title='bbox 959 3641 1042 3726; x_wconf 83' lang='lat'><strong>148),</strong></span> <span class='ocrx_word' id='word_1_302' title='bbox 1056 3664 1130 3724; x_wconf 90' lang='lat' dir='ltr'><strong>quos</strong></span> <span class='ocrx_word' id='word_1_303' title='bbox 1140 3643 1221 3703; x_wconf 87' lang='lat' dir='ltr'><strong>locos</strong></span> <span class='ocrx_word' id='word_1_304' title='bbox 1237 3663 1296 3701; x_wconf 90' lang='lat' dir='ltr'><strong>non</strong></span> <span class='ocrx_word' id='word_1_305' title='bbox 1307 3640 1439 3706; x_wconf 78' lang='lat' dir='ltr'><strong>debebat</strong></span> <span class='ocrx_word' id='word_1_306' title='bbox 1454 3642 1504 3700; x_wconf 89' lang='lat' dir='ltr'><strong>ad·</strong></span> 
     </span>
     <span class='ocr_line' id='line_1_34' title="bbox 152 3744 1505 3832; baseline 0.001 -28"><span class='ocrx_word' id='word_1_307' title='bbox 152 3746 231 3806; x_wconf 86' lang='lat' dir='ltr'><strong>ferre</strong></span> <span class='ocrx_word' id='word_1_308' title='bbox 242 3748 276 3809; x_wconf 90' lang='lat' dir='ltr'><strong>B.</strong></span> <span class='ocrx_word' id='word_1_309' title='bbox 285 3747 379 3807; x_wconf 84' lang='lat' dir='ltr'><strong>Gerth</strong></span> <span class='ocrx_word' id='word_1_310' title='bbox 390 3757 424 3808; x_wconf 87' lang='lat' dir='ltr'><strong>ut</strong></span> <span class='ocrx_word' id='word_1_311' title='bbox 436 3770 473 3809; x_wconf 86' lang='lat' dir='ltr'><strong>ex</strong></span> <span class='ocrx_word' id='word_1_312' title='bbox 489 3769 544 3808; x_wconf 90' lang='lat' dir='ltr'><strong>usu</strong></span> <span class='ocrx_word' id='word_1_313' title='bbox 558 3750 727 3829; x_wconf 88' lang='lat' dir='ltr'><strong>antiquiore</strong></span> <span class='ocrx_word' id='word_1_314' title='bbox 737 3748 930 3828; x_wconf 86' lang='lat' dir='ltr'><strong>depromptos</strong></span> <span class='ocrx_word' id='word_1_315' title='bbox 940 3744 992 3832; x_wconf 82' lang='lat' dir='ltr'><strong>(cf.</strong></span> <span class='ocrx_word' id='word_1_316' title='bbox 1000 3747 1097 3807; x_wconf 77' lang='lat' dir='ltr'><strong>Curtii</strong></span> <span class='ocrx_word' id='word_1_317' title='bbox 1108 3748 1251 3822; x_wconf 67' lang='lat' dir='ltr'><strong>Srudla,</strong></span> <span class='ocrx_word' id='word_1_318' title='bbox 1263 3748 1353 3828; x_wconf 90' lang='grc'><strong>254),</strong></span> <span class='ocrx_word' id='word_1_319' title='bbox 1367 3767 1505 3825; x_wconf 89' lang='lat' dir='ltr'><strong>unusque</strong></span> 
     </span>
     <span class='ocr_line' id='line_1_35' title="bbox 152 3851 1504 3933; baseline -0.002 -22"><span class='ocrx_word' id='word_1_320' title='bbox 152 3861 243 3914; x_wconf 87' lang='lat' dir='ltr'><strong>restat</strong></span> <span class='ocrx_word' id='word_1_321' title='bbox 253 3851 365 3913; x_wconf 81' lang='lat' dir='ltr'><strong>Aesch.</strong></span> <span class='ocrx_word' id='word_1_322' title='bbox 376 3853 469 3927; x_wconf 90' lang='lat' dir='ltr'><strong>locus,</strong></span> <span class='ocrx_word' id='word_1_323' title='bbox 489 3874 547 3932; x_wconf 89' lang='lat' dir='ltr'><strong>quo</strong></span> <span class='ocrx_word' id='word_1_324' title='bbox 563 3854 683 3933; x_wconf 92' lang='lat' dir='ltr'><strong>plenior</strong></span> <span class='ocrx_word' id='word_1_325' title='bbox 698 3857 793 3912; x_wconf 86' lang='lat' dir='ltr'><strong>forma</strong></span> <span class='ocrx_word' id='word_1_326' title='bbox 809 3855 890 3912; x_wconf 91' lang='lat' dir='ltr'><strong>omni</strong></span> <span class='ocrx_word' id='word_1_327' title='bbox 906 3862 986 3913; x_wconf 88' lang='lat' dir='ltr'><strong>caret</strong></span> <span class='ocrx_word' id='word_1_328' title='bbox 1002 3851 1198 3926; x_wconf 88' lang='lat' dir='ltr'><strong>dubitatione,</strong></span> <span class='ocrx_word' id='word_1_329' title='bbox 1216 3852 1283 3911; x_wconf 93' lang='lat' dir='ltr'><strong>dico</strong></span> <span class='ocrx_word' id='word_1_330' title='bbox 1293 3852 1376 3913; x_wconf 85' lang='lat' dir='ltr'><strong>Pers.</strong></span> <span class='ocrx_word' id='word_1_331' title='bbox 1389 3854 1460 3911; x_wconf 89' lang='lat'>110.</span> <span class='ocrx_word' id='word_1_332' title='bbox 1472 3852 1504 3909; x_wconf 94' lang='lat' dir='ltr'><strong>in</strong></span> 
     </span>
     <span class='ocr_line' id='line_1_36' title="bbox 154 3954 1502 4040; baseline -0.002 -23"><span class='ocrx_word' id='word_1_333' title='bbox 154 3958 238 4019; x_wconf 90' lang='lat' dir='ltr'><strong>hiatu</strong></span> <span class='ocrx_word' id='word_1_334' title='bbox 261 3957 400 4038; x_wconf 88' lang='lat' dir='ltr'><strong>denique,</strong></span> <span class='ocrx_word' id='word_1_335' title='bbox 433 3980 522 4039; x_wconf 90' lang='lat' dir='ltr'><strong>quem</strong></span> <span class='ocrx_word' id='word_1_336' title='bbox 547 3960 608 4017; x_wconf 88' lang='lat' dir='ltr'><strong>iam</strong></span> <span class='ocrx_word' id='word_1_337' title='bbox 637 3968 722 4019; x_wconf 86' lang='lat' dir='ltr'><strong>vetus</strong></span> <span class='ocrx_word' id='word_1_338' title='bbox 754 3959 965 4036; x_wconf 86' lang='lat' dir='ltr'><strong>grammaticus</strong></span> <span class='ocrx_word' id='word_1_339' title='bbox 996 3960 1024 4040; x_wconf 82' lang='grc' dir='ltr'><strong>γ’</strong></span> <span class='ocrx_word' id='word_1_340' title='bbox 1048 3959 1223 4036; x_wconf 87' lang='lat' dir='ltr'><strong>interposito</strong></span> <span class='ocrx_word' id='word_1_341' title='bbox 1245 3955 1354 4016; x_wconf 88' lang='lat' dir='ltr'><strong>tollere</strong></span> <span class='ocrx_word' id='word_1_342' title='bbox 1377 3954 1502 4030; x_wconf 89' lang='lat' dir='ltr'><strong>studuit,</strong></span> 
     </span>
     <span class='ocr_line' id='line_1_37' title="bbox 153 4060 1503 4146; baseline -0.003 -23"><span class='ocrx_word' id='word_1_343' title='bbox 153 4064 364 4137; x_wconf 88' lang='lat' dir='ltr'><strong>offendendum</strong></span> <span class='ocrx_word' id='word_1_344' title='bbox 390 4086 450 4124; x_wconf 92' lang='lat' dir='ltr'><strong>non</strong></span> <span class='ocrx_word' id='word_1_345' title='bbox 474 4074 526 4139; x_wconf 81' lang='lat' dir='ltr'><strong>cst,</strong></span> <span class='ocrx_word' id='word_1_346' title='bbox 557 4066 734 4146; x_wconf 87' lang='lat' dir='ltr'><strong>praesertim</strong></span> <span class='ocrx_word' id='word_1_347' title='bbox 765 4086 831 4123; x_wconf 92' lang='lat' dir='ltr'><strong>cum</strong></span> <span class='ocrx_word' id='word_1_348' title='bbox 856 4066 903 4124; x_wconf 88' lang='lat' dir='ltr'><strong>vis</strong></span> <span class='ocrx_word' id='word_1_349' title='bbox 927 4064 1024 4124; x_wconf 88' lang='lat' dir='ltr'><strong>hiatus</strong></span> <span class='ocrx_word' id='word_1_350' title='bbox 1054 4086 1150 4144; x_wconf 88' lang='lat' dir='ltr'><strong>pausa</strong></span> <span class='ocrx_word' id='word_1_351' title='bbox 1180 4063 1376 4125; x_wconf 85' lang='lat' dir='ltr'><strong>oblitteretur.</strong></span> <span class='ocrx_word' id='word_1_352' title='bbox 1409 4060 1503 4120; x_wconf 88' lang='lat' dir='ltr'><strong>habes</strong></span> 
     </span>
     <span class='ocr_line' id='line_1_38' title="bbox 152 4161 1508 4250; baseline 0.001 -22"><span class='ocrx_word' id='word_1_353' title='bbox 152 4170 243 4250; x_wconf 89' lang='lat' dir='ltr'><strong>plane</strong></span> <span class='ocrx_word' id='word_1_354' title='bbox 266 4169 396 4229; x_wconf 87' lang='lat' dir='ltr'><strong>eundem</strong></span> <span class='ocrx_word' id='word_1_355' title='bbox 416 4170 531 4229; x_wconf 88' lang='lat' dir='ltr'><strong>hiatum</strong></span> <span class='ocrx_word' id='word_1_356' title='bbox 550 4190 644 4250; x_wconf 86' lang='lat' dir='ltr'><strong>pausa</strong></span> <span class='ocrx_word' id='word_1_357' title='bbox 661 4178 836 4229; x_wconf 83' lang='lat' dir='ltr'><strong>excusatum</strong></span> <span class='ocrx_word' id='word_1_358' title='bbox 852 4168 935 4247; x_wconf 84' lang='lat' dir='ltr'><strong>Sept.</strong></span> <span class='ocrx_word' id='word_1_359' title='bbox 947 4170 1008 4228; x_wconf 85' lang='lat'><strong>353</strong></span> <span class='ocrx_word' id='word_1_360' title='bbox 1022 4189 1066 4247; x_wconf 85' lang='lat' dir='ltr'><strong>sq.</strong></span> <span class='ocrx_word' id='word_1_361' title='bbox 1084 4167 1266 4249; x_wconf 83' lang='grc' dir='ltr'><strong><em>δυσμενοῦς</em></strong></span> <span class='ocrx_word' id='word_1_362' title='bbox 1280 4161 1508 4250; x_wconf 83' lang='grc' dir='ltr'><strong><em>ὑπερτέρουΛΙ·</em></strong></span> 
     </span>
     <span class='ocr_line' id='line_1_39' title="bbox 153 4265 1503 4358; baseline -0.001 -22"><span class='ocrx_word' id='word_1_363' title='bbox 153 4274 240 4349; x_wconf 89' lang='grc' dir='ltr'><strong><em>έλπίς</em></strong></span> <span class='ocrx_word' id='word_1_364' title='bbox 263 4274 330 4338; x_wconf 82' lang='grc' dir='ltr'><strong><em>ἐστι</em></strong></span> <span class='ocrx_word' id='word_1_365' title='bbox 352 4275 510 4358; x_wconf 84' lang='grc' dir='ltr'><strong><em>νύκτερον</em></strong></span> <span class='ocrx_word' id='word_1_366' title='bbox 531 4274 621 4349; x_wconf 88' lang='grc' dir='ltr'><strong><em>τέλος</em></strong></span> <span class='ocrx_word' id='word_1_367' title='bbox 643 4276 765 4355; x_wconf 87' lang='grc' dir='ltr'><strong><em>μολεῖν,</em></strong></span> <span class='ocrx_word' id='word_1_368' title='bbox 787 4272 845 4350; x_wconf 82' lang='lat' dir='ltr'><strong>Ag.</strong></span> <span class='ocrx_word' id='word_1_369' title='bbox 863 4275 925 4334; x_wconf 88' lang='grc'><strong>997</strong></span> <span class='ocrx_word' id='word_1_370' title='bbox 940 4293 986 4353; x_wconf 81' lang='lat' dir='ltr'><strong>sq.</strong></span> <span class='ocrx_word' id='word_1_371' title='bbox 1010 4273 1193 4354; x_wconf 84' lang='grc' dir='ltr'><strong><em>σφενδόνας</em></strong></span> <span class='ocrx_word' id='word_1_372' title='bbox 1215 4273 1268 4333; x_wconf 79' lang='grc' dir='ltr'><strong>ἄπ’</strong></span> <span class='ocrx_word' id='word_1_373' title='bbox 1290 4265 1503 4353; x_wconf 79' lang='grc' dir='ltr'><strong><em>εὐμέτροο,ΛΙ</em></strong></span> 
     </span>
     <span class='ocr_line' id='line_1_40' title="bbox 154 4375 1504 4464; baseline -0.007 -23"><span class='ocrx_word' id='word_1_374' title='bbox 154 4378 214 4441; x_wconf 86' lang='grc' dir='ltr'><strong>οὐκ</strong></span> <span class='ocrx_word' id='word_1_375' title='bbox 236 4379 294 4442; x_wconf 86' lang='grc' dir='ltr'><strong>ἔδυ</strong></span> <span class='ocrx_word' id='word_1_376' title='bbox 316 4381 444 4464; x_wconf 90' lang='grc' dir='ltr'><strong><em>πρόπας</em></strong></span> <span class='ocrx_word' id='word_1_377' title='bbox 466 4381 574 4463; x_wconf 91' lang='grc' dir='ltr'><strong><em>δόμος.</em></strong></span> <span class='ocrx_word' id='word_1_378' title='bbox 609 4399 686 4461; x_wconf 84' lang='lat' dir='ltr'><strong>quae</strong></span> <span class='ocrx_word' id='word_1_379' title='bbox 709 4399 776 4439; x_wconf 91' lang='lat' dir='ltr'><strong>cum</strong></span> <span class='ocrx_word' id='word_1_380' title='bbox 797 4379 840 4439; x_wconf 90' lang='lat' dir='ltr'><strong>ita</strong></span> <span class='ocrx_word' id='word_1_381' title='bbox 862 4380 930 4452; x_wconf 87' lang='lat' dir='ltr'><strong>sint,</strong></span> <span class='ocrx_word' id='word_1_382' title='bbox 964 4379 1025 4437; x_wconf 91' lang='lat' dir='ltr'><strong>iam</strong></span> <span class='ocrx_word' id='word_1_383' title='bbox 1048 4399 1081 4436; x_wconf 86' lang='lat' dir='ltr'><strong>ex</strong></span> <span class='ocrx_word' id='word_1_384' title='bbox 1104 4379 1185 4437; x_wconf 89' lang='lat' dir='ltr'><strong>omni</strong></span> <span class='ocrx_word' id='word_1_385' title='bbox 1206 4384 1293 4456; x_wconf 91' lang='lat' dir='ltr'><strong>parte</strong></span> <span class='ocrx_word' id='word_1_386' title='bbox 1317 4375 1415 4434; x_wconf 83' lang='lat' dir='ltr'><strong>officio</strong></span> <span class='ocrx_word' id='word_1_387' title='bbox 1437 4394 1504 4433; x_wconf 91' lang='lat' dir='ltr'><strong>meo</strong></span> 
     </span>
     <span class='ocr_line' id='line_1_41' title="bbox 154 4484 1104 4564; baseline 0 -21"><span class='ocrx_word' id='word_1_388' title='bbox 154 4485 318 4564; x_wconf 88' lang='lat' dir='ltr'><strong>scripturae</strong></span> <span class='ocrx_word' id='word_1_389' title='bbox 342 4486 469 4545; x_wconf 86' lang='lat' dir='ltr'><strong>traditae</strong></span> <span class='ocrx_word' id='word_1_390' title='bbox 492 4484 701 4545; x_wconf 83' lang='lat' dir='ltr'><strong>defendendae</strong></span> <span class='ocrx_word' id='word_1_391' title='bbox 724 4485 910 4551; x_wconf 88' lang='lat' dir='ltr'><strong>satisfactum</strong></span> <span class='ocrx_word' id='word_1_392' title='bbox 935 4503 999 4544; x_wconf 86' lang='lat' dir='ltr'><strong>esse</strong></span> <span class='ocrx_word' id='word_1_393' title='bbox 1022 4491 1104 4562; x_wconf 88' lang='lat' dir='ltr'><strong>puto.</strong></span> 
     </span>
    </p>
   </div>
   <div class='ocr_carea' id='block_1_3' title="bbox 0 0 1660 5059">
    <p class='ocr_par' dir='ltr' id='par_1_3' title="bbox 0 0 1660 5059">
     <span class='ocr_line' id='line_1_42' title="bbox 0 0 1660 5059; baseline 0 0"><span class='ocrx_word' id='word_1_394' title='bbox 0 0 1660 5059; x_wconf 95' lang='lat' dir='ltr'><strong> </strong></span> 
     </span>
    </p>
   </div>
  </div>
 </body>
</html>
