3300 5059
1405 146 1467 203 249
1490 136 1492 138 ⁵

126 339 295 411 arctatque
319 341 460 412 acceptus
493 328 545 415 (ad
569 331 673 406 Quint.
696 334 733 393 11.
758 333 828 404 12,
867 332 930 412 16).
964 332 1094 413 denique
1126 335 1158 392 in
1182 334 1311 413 epistula
1334 335 1468 395 consola·

125 437 202 513 toria,
236 456 326 516 quam
349 436 481 497 dedita.
507 435 628 519 708s46
652 437 691 497 ad
713 438 800 497 illum
822 438 997 498 exulantem
1029 434 1081 521 (ad
1112 440 1183 497 fam.
1207 439 1274 507 IlII
1299 443 1361 515 13),
1398 458 1467 499 con·

126 542 260 622 queritur,
284 540 365 621 quod
388 543 433 601 ιΡ.
456 542 590 621 Nigidio,
614 520 673 602 nni¹
690 544 824 602 omnium
847 542 1018 601 doctissimo
1042 550 1071 601 et
1091 544 1277 603 sanctissimo
1293 552 1323 603 et
1338 544 1468 603 maxima
1496 590 1497 594 ,

126 646 270 729 qnondam
292 648 391 726 gratia
413 656 444 706 et
466 647 526 708 sibi
549 656 630 708 certe
653 644 843 708 amicissimo'
867 647 984 707 nnllam
1016 648 1123 708 auxilii
1147 668 1230 727 spem
1252 647 1349 728 possit
1371 656 1468 709 osten-

125 753 198 812 dere.
212 749 235 835 ι)
259 750 311 813 sed
330 761 369 812 -nt
390 753 451 811 iam
473 751 513 813 ad
535 753 625 814 finem
647 752 868 832 perveniamus,
901 751 1026 813 florebat
1047 750 1203 814 Ciceronis
1234 761 1370 832 tempore
1397 752 1468 812 urbs

125 859 250 917 omnium
271 857 498 937 disciplinarum
522 856 641 932 studiis,
673 858 716 919 ita
738 866 781 931 ut,
807 858 833 916 si
857 857 923 938 quis
947 878 1013 917 cum
1037 858 1110 917 viris
1134 857 1313 920 doctissimis
1336 859 1469 918 amicitia

27 1007 28 1015 .
124 971 183 1021 erat
203 964 389 1041 coniunctus,
423 982 461 1021 ex
493 961 551 1023 hoo
572 964 639 1042 ipso
661 982 718 1022 usu
740 962 906 1020 maximum
927 959 1053 1021 baberet
1075 961 1305 1021 incitamentum
1327 962 1365 1021 ad
1390 971 1469 1023 artes

27 1141 28 1146 η
123 1068 257 1128 liberales
279 1069 460 1147 litterasque
483 1065 636 1131 colendas.
682 1065 763 1146 quod
795 1085 831 1126 eo
860 1065 956 1144 magis
979 1064 1060 1124 cadit
1082 1068 1113 1125 in
1138 1063 1323 1142 Ciceronem,
1356 1068 1469 1147 quippe

27 1151 28 1158 ¹
124 1174 171 1253 qoi
201 1193 219 1231 a
248 1180 357 1232 natura
390 1174 457 1252 ipsa
489 1180 519 1232 et
551 1172 674 1257 ingenio
697 1170 845 1250 singulari
877 1170 1088 1250 praeditue'ct
1111 1171 1314 1231 aemulatione
1338 1171 1468 1252 quadam

124 1286 198 1338 esset
226 1278 368 1350 imbutus,
400 1286 435 1338 ut
468 1278 616 1356 optimum
643 1295 794 1357 quemque
830 1275 1022 1356 popularium
1057 1283 1086 1334 et
1109 1272 1293 1335 Graecorum
1316 1276 1468 1336 hominum

123 1391 263 1463 aequaret
285 1377 466 1465 doctrinal)

219 1488 285 1546 Iam
307 1488 351 1547 eis
374 1506 450 1563 quae
475 1506 549 1567 opus
572 1505 638 1545 esse
660 1484 844 1545 videbantur
860 1486 1008 1564 expositis
1024 1486 1198 1565 priusquam
1216 1485 1254 1544 ad
1269 1484 1403 1566 singulas
1420 1506 1469 1546 res

122 1591 335 1653 examinandas
349 1601 480 1666 transeo,
496 1611 595 1672 pauca
606 1590 830 1671 praemittenda
846 1590 919 1649 mihi
930 1610 995 1649 esse
1004 1590 1147 1649 videntur
1156 1589 1193 1651 de
1204 1592 1258 1671 eis,
1275 1610 1353 1669 quae
1363 1589 1468 1650 Cicero

120 1698 150 1755 in
172 1697 345 1756 universum
367 1697 439 1756 fecit
461 1695 499 1756 de
520 1697 734 1762 Romanorum,
747 1696 870 1774 ingenio
894 1702 986 1774 atque
1009 1694 1121 1769 indole,
1147 1694 1274 1755 iudiciis.
1300 1716 1391 1776 qnam
1405 1716 1469 1755 rem

120 1802 222 1881 paucis
244 1800 402 1861 absolvere
430 1800 505 1859 mihi
536 1800 637 1872 liceat,
669 1800 811 1880 quoniam
839 1798 877 1858 de
901 1797 1007 1858 eadem
1029 1798 1180 1859 uberrime
1202 1798 1343 1859 disseruit
1363 1800 1469 1878 Lange

119 1928 149 1986 p.
174 1909 192 1966 5
215 1926 281 1985 sqq.
304 1903 435 1982 namque
469 1905 499 1963 ei
521 1906 694 1986 ‘praecipue
725 1904 783 1963 loci
817 1905 850 1963 in
882 1903 937 1964 hae
968 1904 1144 1984 quaestione
1166 1902 1324 1963 tractanda
1346 1906 1469 1963 maximi
1580 1902 1582 1907 ’

120 2019 189 2071 sunt
210 2011 363 2084 momenti,
389 2008 499 2090 quibus
522 2009 628 2069 Cicero
644 2010 797 2069 Romanos
821 2010 962 2090 opposuit
978 2008 1112 2069 Graecis.
1137 2016 1228 2089 atque
1251 2010 1338 2068 utin
1362 2010 1468 2069 ceteris

119 2116 206 2176 rebus
215 2117 259 2175 ita
267 2115 299 2175 in
308 2113 366 2173 hac
377 2114 499 2175 Tullius
508 2136 568 2174 nou
580 2132 699 2193 semper
714 2115 770 2175 sibi
787 2123 915 2175 constat.
933 2114 1045 2175 etenim
1059 2114 1256 2174 inveniuntur
1271 2113 1339 2190 loci,
1357 2114 1468 2195 quibus

117 2222 269 2281 hominum
294 2219 478 2296 Graecorum
501 2219 624 2297 ingenia
639 2220 762 2280 summis
777 2219 863 2279 effert
877 2218 1030 2279 laudibus:
1046 2218 1084 2277 ad
1096 2216 1199 2292 Quint.
1215 2219 1252 2279 fr.
1271 2218 1289 2278 I
1306 2222 1334 2294 1,
1352 2224 1392 2281 27
1409 2241 1465 2302 sq„

119 2326 220 2385 deor.
243 2324 261 2384 Ι
284 2328 313 2394 6,
338 2325 389 2397 22,
413 2323 453 2382 ib.
477 2322 528 2382 ΠΙ
552 2324 602 2395 15,
628 2325 680 2397 57,
697 2322 750 2383 sed
769 2324 881 2404 plures,
904 2323 958 2383 ubi
974 2324 1064 2386 claris
1079 2323 1180 2384 verbis
1198 2322 1331 2387 Graecos
1347 2328 1468 2405 ingenio

118 2431 301 2491 aRomanis
324 2428 651 2509 superaricontendit:
690 2430 781 2489 'I'nse
806 2430 823 2489 Ι
848 2433 876 2501 1,
907 2432 936 2509 1,
969 2428 1074 2489 deor.
1098 2433 1166 2503 14,
1193 2432 1247 2507 15,
1279 2432 1369 2505 Ι44,
1395 2435 1467 2492 1117.

117 2535 176 2596 hnc
198 2554 319 2617 quoqne
340 2536 482 2613 pertinet,
516 2534 596 2615 quod
627 2534 659 2592 in
692 2533 778 2593 libris
811 2534 849 2593 de
873 2542 991 2595 oratore
1014 2532 1155 2597 Crassum
1180 2544 1210 2594 et
1232 2538 1399 2597 Antonium
1422 2538 1466 2596 in-

117 2641 209 2713 ducit,
232 2649 267 2701 ut
289 2642 342 2719 qni
364 2659 511 2699 summam
533 2640 725 2716 prudentiam
749 2646 841 2717 atque
864 2638 1072 2700 incredibilem
1096 2640 1301 2720 eloquentiam
1324 2643 1469 2702 111111111-

114 2746 218 2821 secuti,
254 2763 438 2829 quamquam
468 2744 522 2803 ille
555 2744 670 2803 litteras
694 2743 827 2804 Graecas
860 2744 999 2823 despexit
1031 2753 1060 2804 et
1088 2746 1291 2805 Romanorum
1323 2748 1355 2806 in
1387 2751 1468 2807 omni

115 2871 229 2931 genere
266 2850 473 2932 prudentiam.
497 2850 671 2930 anteposuit
703 2847 842 2919 Graecae
874 2845 925 2931 (de
958 2869 1000 2910 or.
1033 2849 1067 2909 II
1101 2853 1129 2924 1,
1165 2848 1209 2932 4),
1239 2850 1289 2910 hic
1320 2870 1360 2912 ne
1381 2872 1468 2912 nosse

114 2955 237 3036 quidem
261 2955 393 3017 Graecos
415 2953 584 3015 videbatur.
608 2974 708 3036 neque
731 2955 830 3029 aliter,
854 2955 906 3015 ubi
929 2953 967 3015 de
990 2955 1146 3033 utriusque
1170 2956 1293 3034 linguae
1309 2956 1468 3017 verborum

114 3064 205 3141 eopia
228 3063 338 3141 agitur,
369 3061 503 3140 palmam
535 3060 633 3121 defert
655 3061 778 3140 linguae
800 3059 968 3134 Romanae,
1002 3079 1080 3140 quae
1103 3080 1164 3120 non
1187 3060 1275 3120 modo
1298 3080 1357 3121 non
1381 3061 1468 3141 inops

111 3170 162 3242 sit,
197 3168 229 3227 id
261 3165 340 3247 qnod
366 3162 464 3244 'vulgo
497 3174 628 3246 putetur,
663 3165 716 3227 sed
747 3166 928 3246 locupletior
950 3166 1040 3226 etiam
1066 3185 1156 3245 quam
1179 3163 1311 3226 Graeca:
1344 3166 1382 3225 de
1415 3169 1467 3226 lin.

110 3274 185 3347 13,
211 3276 261 3345 10,
284 3271 336 3331 ΠΙ
358 3274 388 3346 2,
412 3274 446 3345 5,
472 3270 510 3331 de
532 3271 594 3330 div.
622 3272 639 3330 Ι
664 3276 691 3344 1,
718 3277 749 3346 1,
783 3272 877 3331 Taso.
901 3270 1005 3343 1114,
1030 3277 1063 3346 ’1,
1090 3274 1140 3351 10,
1165 3273 1219 3346 233
1252 3269 1291 3331 de
1314 3290 1357 3332 or.
1380 3271 1467 3352 114,

112 3380 154 3437 17
166 3396 228 3458 sq.;
246 3376 284 3435 de
305 3376 385 3454 legg.
402 3376 419 3434 I
437 3380 466 3450 9,
480 3377 519 3436 27
529 3395 536 3450 ;
553 3376 591 3436 ad
607 3377 680 3435 fam.
698 3376 793 3436 VIIII
809 3379 860 3449 24,
886 3378 915 3435 3.
940 3375 1129 3437 ductantem
1151 3384 1257 3435 extant
1273 3376 1342 3455 loci,
1360 3376 1468 3457 quibus

110 3481 300 3542 Graecorum
322 3480 458 3559 linguam
481 3482 681 3561 copiosiorem
705 3500 770 3541 esse
793 3479 934 3561 perhibet
966 3500 1056 3560 quem
1088 3482 1243 3543 Latinam:
1276 3480 1314 3542 de
1345 3482 1396 3547 fin.
1420 3484 1469 3543 HI

109 3588 164 3665 15,
192 3588 243 3660 51,
267 3595 298 3646 11
320 3588 412 3649 Ture.
435 3585 469 3645 Π
494 3588 544 3658 15,
569 3589 621 3667 35,
645 3587 698 3647 sed
721 3588 888 3666 posteriore
911 3585 978 3647 loco
1002 3588 1053 3661 ita,
1078 3595 1111 3647 nt
1132 3587 1210 3647 hanc
1226 3588 1348 3649 laudem
1367 3589 1469 3650 verbis

107 3692 342 3770 insequentibus
365 3692 473 3751 tollere
498 3690 647 3755 videatur.
676 3712 746 3760 nam
770 3712 837 3751 cum
862 3690 996 3752 Graecos
1020 3692 1165 3752 ‘dolorem
1188 3702 1218 3753 et
1240 3692 1384 3753 laborem’
1407 3714 1468 3753 uno

28 3852 33 3860 ,
105 3796 237 3857 nomine
259 3797 415 3877 appellare
439 3796 560 3870 dixerit,
592 3798 636 3856 ita
658 3796 772 3876 pergit:
807 3796 1018 3857 ι1111511111
1046 3798 1134 3877 inops
1167 3798 1327 3870 interdum,
1360 3796 1468 3876 quibus

105 3898 271 3962 abundare
292 3913 323 3960 te
345 3920 465 3980 semper
485 3910 602 3981 putas,
627 3900 780 3961 Graecial’
814 3901 959 3959 maiorem
982 3920 1054 3961 vero
1069 3902 1176 3961 tribuit
1199 3900 1324 3962 Graecis
1345 3901 1467 3961 laudem

103 4006 201 4068 Brut.
227 4007 278 4076 90,
304 4008 378 4081 310,
400 4004 454 4066 ubi
478 4024 510 4065 se
533 4008 649 4065 Graece
671 4006 794 4086 saepius
818 4004 1026 4065 declamitasse
1048 4007 1214 4087 profitetur,
1247 4004 1327 4086 quod
1350 4002 1469 4065 Graeca

101 4117 211 4176 oratio
234 4116 321 4196 plura
344 4120 522 4174 ornamenta
544 4110 742 4193 suppeditans
765 4112 1015 4174 cousuetudinem
1037 4112 1174 4173 similiter
1210 4110 1319 4170 Latine
1348 4109 1469 4170 dicendi

100 4219 259 4280 adtulerit
281 4215 333 4301 (11.
358 4217 459 4279 Crassi
481 4217 575 4278 verba
598 4215 636 4277 de
659 4237 702 4276 or.
725 4217 743 4278 I
766 4220 818 4289 34,
846 4218 932 4302 155).
957 4234 1059 4277 omnes
1081 4217 1174 4295 igitur
1196 4216 1261 4275 eius
1283 4214 1364 4277 modi
1387 4217 1468 4276 locos

220 4357 240 4420 1)
260 4356 299 4407 cf.
318 4355 340 4407 1.
360 4355 442 4407 Klein
461 4356 594 4417 ‘Quaestt
612 4354 794 4420 Nigidianae’,
812 4357 926 4407 Bonnae
948 4356 1023 4419 1861,
1042 4371 1068 4421 p.
1089 4354 1122 4405 14
1140 4369 1212 4420 sqq.;
1232 4354 1264 4403 la
1283 4368 1341 4420 sqq.

221 4440 243 4508 ²)
262 4442 302 4493 Oi.
323 4458 393 4509 quae
412 4443 507 4494 Cicero
527 4444 586 4508 ipsc
605 4443 714 4508 scripsit
733 4460 758 4493 a.
778 4441 876 4513 rooles
895 4444 928 4493 ad
948 4443 1079 4505 Quintum
1097 4441 1206 4493 fratrem
1225 4442 1267 4492 111
1285 4446 1300 4494 b
1320 4447 1347 4491 et
1365 4444 1390 4506 6,
1409 4444 1433 4494 4.
