3300 5059
147 220 187 281 ts

147 419 228 470 muta
252 432 276 470 c.
300 411 320 469 l.
339 409 526 491 incipientia
548 408 675 487 positae,
701 425 778 486 quae
801 408 832 464 in
856 406 1090 486 productionum
1112 409 1259 487 exemplis
1275 416 1344 469 sunt
1357 409 1507 486 frequen-

145 515 288 597 tissimae,
316 516 348 573 in
372 511 611 593 correptionibus
634 520 701 570 octo
725 519 842 569 tantum
865 511 939 570 locis
962 513 1161 591 reperiuntur,
1190 521 1296 594 quater
1317 510 1440 592 quidem
1465 513 1504 570 in

145 620 239 680 altera
271 627 357 700 parte
387 618 481 679 thesis
513 614 676 677 secundae:
711 610 745 697 b),
771 615 805 673 H
839 618 901 674 140
932 612 986 676 ἐπὶ
1015 617 1128 705 χρωτί,
1162 614 1188 700 ο)
1219 618 1320 677 XXII
1354 620 1394 678 10
1416 617 1506 680 κατὰ

148 724 311 808 πρύμναν,
333 724 429 784 XXV
455 724 515 781 144
538 720 614 785 troci
636 721 775 803 κλενρά;
798 716 829 802 d)
851 720 916 778 XX
941 723 982 779 22
1004 722 1081 784 ποτὶ
1102 722 1257 805 τρέμνον;
1280 732 1327 782 ter
1349 724 1379 781 in
1403 723 1505 781 altera

144 838 230 909 parte
252 829 346 889 thesis
371 836 509 907 quartae:
528 821 558 907 a)
574 826 591 883 Ι
609 824 649 885 54
665 824 739 908 περὶ
754 824 920 906 κλέμματι,
936 825 998 884 VH
1015 828 1054 885 64
1071 827 1145 910 περὶ
1160 816 1264 910 κρατί,
1280 822 1306 910 ι)
1322 828 1417 887 XXV
1436 829 1502 887 176

144 932 218 1015 περὶ
240 933 375 1016 πλευρώ;
400 932 491 992 semel
515 932 546 989 in
574 931 669 990 altera
692 928 778 989 brevi
801 930 924 1009 syllaba
946 931 1035 1011 pedis
1058 932 1157 991 tertii:
1180 929 1206 1014 c)
1230 932 1329 991 XXII
1352 935 1393 993 30
1415 931 1503 995 κατὰ

144 1038 306 1120 κλίμακος.
340 1045 443 1096 contra
473 1035 652 1115 saepissime
686 1033 945 1095 substantivorum
968 1036 1018 1095 vei
1041 1035 1202 1096 verborum
1225 1038 1339 1115 formae
1366 1056 1458 1097 voces
1482 1058 1502 1096 a

145 1152 228 1202 muta
260 1162 284 1203 c.
316 1141 337 1205 l.
370 1141 489 1199 initium
525 1141 681 1221 capientes
705 1140 737 1198 in
762 1139 988 1219 correptionum
1011 1142 1157 1222 exemplis
1181 1142 1378 1219 antecedunt3
1406 1148 1502 1221 atque

145 1255 251 1326 quater
273 1244 394 1305 deciens
416 1241 576 1318 vocabula,
604 1264 729 1324 quorum
747 1244 777 1303 in
795 1225 1056 1305 confinio'vocalis
1070 1247 1237 1326 corripitur,
1255 1247 1502 1327 interpunctione

144 1354 341 1431 seiunguntur
372 1347 519 1435 (septiens
551 1350 656 1409 fortius
688 1370 724 1409 ac
756 1350 867 1410 totiens
899 1352 998 1410 lenius
1030 1347 1274 1434 interpungitur)‚
1299 1351 1330 1410 id
1359 1351 1439 1432 quod
1465 1353 1499 1410 in

146 1457 292 1537 exemplis
314 1455 547 1537 productionum
570 1455 629 1515 nisi
651 1454 747 1515 tribus
770 1455 856 1529 loeis,
881 1475 1006 1535 quorum
1029 1477 1116 1530 unrrs,
1140 1457 1171 1516 in
1189 1477 1248 1537 quo
1272 1479 1292 1518 ν
1313 1456 1500 1537 paragogica

106 1616 109 1624 .
144 1562 236 1621 inseri
257 1569 367 1642 potest,
391 1562 488 1622 minus
512 1563 542 1620 in
568 1580 693 1621 censum
716 1561 811 1635 venit,
836 1582 895 1619 non
920 1562 1118 1642 repperimus

21 4348 130 4400 s,

236 1838 278 1901 In
301 1838 550 1919 producendis
573 1839 767 1900 vocalibus
789 1839 973 1899 finalibus
996 1840 1032 1898 in
1056 1840 1157 1900 thesi
1181 1849 1264 1900 ante
1286 1849 1414 1901 mutam
1431 1862 1456 1901 c.
1473 1842 1494 1903 1.

148 1944 349 2008 conlocatis
379 1944 559 2004 Theocritus
591 1946 663 2003 satis
699 1944 835 2021 angustis
870 1943 980 2003 finibus
1012 1964 1078 2003 sese
1110 1946 1266 2004 continuit.
1303 1947 1498 2006 inveniuntur

147 2052 226 2109 enim
248 2047 439 2107 huiusmodi
462 2048 674 2127 productiones
698 2050 728 2106 in
753 2047 936 2107 carminibus
960 2049 1023 2107 eius
1047 2050 1257 2128 paucissimae.
1281 2059 1350 2109 sunt
1373 2051 1496 2129 quidem

146 2154 218 2214 hae:
245 2156 271 2212 1.
296 2154 327 2212 in
359 2153 437 2213 thesi
459 2154 569 2233 prima:
603 2150 634 2235 a)
656 2154 689 2213 X
713 2155 754 2213 56
786 2162 888 2215 ταῦτα
909 2152 968 2235 χρὴ
990 2156 1193 2235 μοχδεῦντας
1215 2154 1251 2217 ἐν
1273 2154 1352 2239 ἆλίςο
1374 2155 1497 2238 ἄνδρας

146 2250 277 2335 ’νἰείδειν,
308 2252 337 2339 b)
367 2257 453 2316 XIV·
469 2259 509 2317 56
539 2260 613 2320 οὔτε
645 2259 795 2331 κάκιστος
815 2256 818 2337 i
840 2259 914 2319 οὔτε
948 2264 1070 2339 πρώτος
1092 2259 1180 2335 ἴσως,
1204 2259 1322 2340 ὁμαλὸς
1349 2258 1386 2321 δέ
1407 2259 1496 2333 τιςὸ

148 2363 353 2447 στρατιώτας,
386 2364 426 2421 64
451 2360 505 2425 οἶα
526 2362 585 2445 χρὴ
608 2364 741 2445 βασιλιῖ·
766 2361 869 2424 αἰτεῖν
892 2360 928 2422 δὲ
951 2361 1004 2423 δεῖ
1025 2361 1085 2424 οὐκ
1105 2360 1159 2424 ἐπὶ
1177 2364 1289 2438 καντί;
1315 2366 1345 2422 2.
1370 2364 1401 2421 in
1418 2363 1497 2422 thesi

146 2468 255 2527 altera:
288 2463 319 2549 α)
351 2466 414 2525 VII
447 2468 487 2525 24
519 2463 537 2548 ἡ
569 2466 648 2549 μετὰ
680 2466 774 2528 δαῖτα
796 2465 910 2547 κλητὸς
932 2446 1136 2548 inciperam}
1163 2488 1252 2541 τινος
1285 2466 1393 2529 ἀστῶν
1425 2464 1496 2549 (hoc

146 2572 259 2632 habent
290 2570 385 2646 codd,
421 2571 502 2634 δαῖτ’
535 2573 670 2652 ἄκλητος
702 2570 748 2629 οδ.
772 2564 878 2653 iant),
902 2564 931 2649 b)
953 2568 1015 2628 XV
1042 2572 1101 2628 145
1126 2568 1304 2654 Πραξινόα,
1331 2572 1369 2634 τὸ
1391 2578 1495 2654 χρῆμα

147 2677 336 2759 σοφώτερον
358 2676 379 2738 ἁ
402 2676 518 2757 θήλεια
541 2675 674 2753 (Absens
701 2675 733 2732 in
757 2673 804 2733 ed.
828 2675 898 2732 mai.
923 2693 961 2732 ox
986 2673 1092 2733 Aderti
1115 2677 1239 2735 coniect.
1265 2673 1444 2759 Πραξινόα,
1464 2675 1496 2738 τὶ

146 2789 251 2864 χρῆμα
266 2796 340 2863 σοφ.
364 2780 434 2843 διδ.
451 2780 574 2860 recepit,
599 2777 740 2838 Meineke
762 2780 795 2837 in
811 2778 861 2838 ed.
885 2778 946 2838 ΙΙΙ.
964 2778 1157 2838 scribendum
1174 2799 1241 2840 esse
1257 2781 1384 2839 coniecit
1408 2784 1494 2863 Πρα·

147 2882 249 2961 ξινόα,
271 2886 303 2946 τί
322 2892 427 2967 χρῆμα
450 2886 639 2966 σοφώτερον
661 2882 680 2963 ἦ
703 2881 860 2964 θήλειας),
883 2878 909 2963 c)
926 2882 1024 2940 XVII
1047 2884 1086 2943 75
1097 2885 1288 2966 γεινόμενον
1310 2884 1350 2946 τδι
1371 2892 1492 2967 πρώτα·

146 2989 248 3062 πολὺς
270 2988 306 3050 δέ
329 2987 361 3051 οἱ
384 2989 479 3070 ὄλβος
502 2987 626 3064 ὀπαδεῖ,
648 2988 742 3047 XXV
767 2990 804 3047 81
829 2988 901 3070 ᾔδει
924 2988 952 3050 δ’
971 2983 996 3073 ᾧ
1018 3009 1052 3050 τε
1074 2986 1133 3069 χρὴ
1156 2988 1396 3069 χαλεπαινέμεν,
1420 2986 1494 3072 ᾧτε

146 3093 200 3155 καὶ
223 3092 313 3167 οὐκίς
338 3095 367 3154 3.
400 3095 432 3151 in
454 3092 533 3152 thesi
555 3094 658 3152 tertia:
682 3088 713 3173 a)
736 3093 768 3151 X
791 3096 833 3151 44
856 3093 998 3174 σφίγγετ
1022 3091 1234 3174 ἄμαλλοδέται
1255 3092 1295 3154 τὰ
1317 3092 1493 3176 δράγματα,

146 3197 189 3278 μὴ
204 3198 332 3281 παριών
346 3219 404 3275 τις,
427 3194 455 3279 b)
478 3198 512 3256 II
536 3199 575 3258 53
598 3199 685 3260 τοῦτ’
702 3196 766 3259 ἀπὸ
789 3203 847 3271 τοῖς
868 3199 999 3279 χλαίνας
1022 3196 1060 3260 τὸ
1087 3197 1271 3279 κράσπεδον
1295 3198 1392 3259 ὤλεσε
1418 3198 1494 3259 Δέλ-

147 3323 212 3384 φις,
245 3299 274 3384 οῖ)
302 3304 367 3361 XX
400 3304 438 3360 19
461 3302 623 3384 ποιμένες,
646 3300 756 3363 εἴπατέ
785 3323 843 3381 μοι
864 3301 902 3364 τὸ
924 3302 1081 3385 κρήγυον·
1106 3300 1146 3362 οὐ
1164 3299 1373 3383 καλὸς·ἐμμι’,·
1396 3305 1425 3360 4.
1463 3302 1492 3359 in

146 3408 224 3466 thesi
248 3417 369 3487 quarta:
398 3402 430 3488 ο)
453 3408 485 3465 X
509 3410 549 3467 29
574 3406 638 3468 ἀλλ’
663 3406 765 3487 ἔμπας
788 3404 824 3468 ἐν
846 3417 915 3481 τοῖς
938 3408 1111 3489 στεφάνοις
1140 3406 1180 3467 τδι
1210 3412 1317 3487 κροῖτα
1338 3406 1492 3488 λέγονται.

235 3514 303 3572 Ηοο
336 3513 401 3571 ioco
434 3512 516 3569 haud
548 3512 684 3590 ineptum
717 3530 782 3571 esse
813 3512 934 3571 videtur
956 3512 986 3569 in
1020 3511 1194 3569 memoriam
1215 3530 1358 3570 revocare
1380 3512 1440 3568 iam
1463 3512 1492 3569 in

147 3617 273 3676 Homeri
296 3616 478 3676 carminibus
501 3616 714 3696 productiones
737 3619 801 3677 cius
824 3617 954 3694 generis,
979 3616 1017 3674 de
1041 3635 1099 3695 quo
1121 3614 1217 3673 verba
1237 3614 1322 3689 fiunt,
1346 3628 1393 3675 sat
1413 3631 1493 3674 raras

149 3741 226 3797 essc;
249 3723 280 3781 in
305 3730 368 3782 toto
392 3723 471 3780 enim
494 3721 628 3782 Homero
652 3743 713 3782 non
735 3721 803 3801 plus
827 3719 881 3780 OV
905 3721 1096 3799 reperiuntur
1105 3717 1129 3802 ¹)
1153 3738 1268 3799 eaeque
1290 3740 1408 3800 semper
1431 3721 1492 3779 iere

147 3828 178 3887 in
202 3826 338 3886 thesibus
360 3827 459 3907 prima
483 3836 513 3886 et
536 3828 640 3887 altera.
665 3846 805 3887 successu
829 3835 930 3885 autem
953 3834 1121 3903 temporum
1142 3823 1276 3904 pondere
1297 3831 1401 3884 mutae
1424 3845 1448 3887 c.
1471 3825 1490 3883 l.

146 3932 294 4012 paulatim
317 3932 475 3993 imminuto
500 3934 590 3993 etiam
614 3931 826 4013 productiones
859 3930 930 3989 illac
957 3930 1056 4008 magis
1077 3930 1234 4008 magisque
1263 3938 1427 3991 rarescunt.
1460 3950 1492 3988 ac

147 4038 274 4098 Nonnus
297 4037 328 4095 in
352 4038 476 4097 totidem
498 4040 563 4099 fere
578 4038 725 4110 versibus,
751 4044 826 4116 quot
841 4035 968 4094 Homeri
994 4036 1128 4093 carmina
1143 4033 1297 4107 exhibent,
1321 4055 1357 4093 ea
1379 4035 1492 4094 ratione

146 4142 266 4202 vocales
290 4141 395 4202 finales
418 4144 476 4203 nisi
499 4146 618 4204 sexiens
641 4163 702 4203 non
724 4141 867 4221 produxit
877 4135 914 4224 2),
949 4160 1076 4219 quarum
1100 4138 1330 4218 productionum
1355 4148 1492 4218 quattuor

148 4268 186 4307 ex
201 4248 368 4307 imitatione
382 4249 508 4309 Homeri
525 4250 671 4327 originem
687 4256 855 4320 traxerunt,
872 4245 951 4305 duae
967 4244 1138 4303 nominibus
1153 4245 1284 4324 propriis
1301 4253 1490 4305 excusantur.

236 4441 254 4507 ¹)
275 4440 315 4491 cf.
333 4438 482 4490 Hartelium
499 4439 517 4489 l.
536 4455 558 4489 c.
577 4438 590 4489 1
609 4440 641 4488 86
661 4453 717 4503 sqq.

236 4525 256 4594 ²)
275 4527 314 4577 Of.
334 4526 499 4579 Scheindleri
517 4526 645 4588 ‘Quaerit
665 4524 760 4575 Nonn'.
779 4526 801 4587 1,
819 4540 845 4589 p.
866 4526 899 4575 20
917 4539 958 4587 sq.
