<?xml version="1.0" encoding="UTF-8"?>
<!DOCTYPE html PUBLIC "-//W3C//DTD XHTML 1.0 Transitional//EN"
    "http://www.w3.org/TR/xhtml1/DTD/xhtml1-transitional.dtd">
<html xmlns="http://www.w3.org/1999/xhtml" xml:lang="en" lang="en">
 <head>
  <title>
</title>
<meta http-equiv="Content-Type" content="text/html;charset=utf-8" />
  <meta name='ocr-system' content='tesseract 3.04.00' />
  <meta name='ocr-capabilities' content='ocr_page ocr_carea ocr_par ocr_line ocrx_word'/>
</head>
<body>
  <div class='ocr_page' id='page_1' title='image "./dissertationesp07wiengoog_0302.png"; bbox 0 0 3300 5059; ppageno 0'>
   <div class='ocr_carea' id='block_1_1' title="bbox 1420 226 1482 285">
    <p class='ocr_par' dir='ltr' id='par_1_1' title="bbox 1420 226 1482 285">
     <span class='ocr_line' id='line_1_1' title="bbox 1420 226 1482 285; baseline 0.032 -2"><span class='ocrx_word' id='word_1_1' title='bbox 1420 226 1482 285; x_wconf 78' lang='lat'><strong>289</strong></span> 
     </span>
    </p>
   </div>
   <div class='ocr_carea' id='block_1_2' title="bbox 134 407 1488 1121">
    <p class='ocr_par' dir='ltr' id='par_1_2' title="bbox 134 407 1488 1121">
     <span class='ocr_line' id='line_1_2' title="bbox 134 407 1483 485; baseline 0.006 -18"><span class='ocrx_word' id='word_1_2' title='bbox 134 410 221 468; x_wconf 82' lang='lat' dir='ltr'><strong>‘itera</strong></span> <span class='ocrx_word' id='word_1_3' title='bbox 238 407 322 481; x_wconf 82' lang='lat' dir='ltr'><strong>¹dum</strong></span> <span class='ocrx_word' id='word_1_4' title='bbox 462 410 549 470; x_wconf 85' lang='lat' dir='ltr'><strong>mihil</strong></span> <span class='ocrx_word' id='word_1_5' title='bbox 590 420 749 472; x_wconf 87' lang='lat' dir='ltr'><strong>coronatus</strong></span> <span class='ocrx_word' id='word_1_6' title='bbox 790 410 921 485; x_wconf 80' lang='lat' dir='ltr'><strong>Quintus</strong></span> <span class='ocrx_word' id='word_1_7' title='bbox 963 422 1062 473; x_wconf 85' lang='lat' dir='ltr'><strong>noster</strong></span> <span class='ocrx_word' id='word_1_8' title='bbox 1100 414 1293 475; x_wconf 60' lang='lat' dir='ltr'><strong>Parilibus?</strong></span> <span class='ocrx_word' id='word_1_9' title='bbox 1322 416 1483 475; x_wconf 87' lang='lat' dir='ltr'><strong>Parilibus.</strong></span> 
     </span>
     <span class='ocr_line' id='line_1_3' title="bbox 135 496 1484 603; baseline 0.006 -31"><span class='ocrx_word' id='word_1_10' title='bbox 135 512 275 594; x_wconf 80' lang='lat' dir='ltr'><strong>solusne?</strong></span> <span class='ocrx_word' id='word_1_11' title='bbox 306 513 386 573; x_wconf 87' lang='lat' dir='ltr'><strong>solus</strong></span> <span class='ocrx_word' id='word_1_12' title='bbox 410 558 416 574; x_wconf 93' lang='lat'><strong>.</strong></span> <span class='ocrx_word' id='word_1_13' title='bbox 442 559 449 574; x_wconf 88' lang='lat'><strong>.</strong></span> <span class='ocrx_word' id='word_1_14' title='bbox 475 561 481 574; x_wconf 92' lang='lat'><strong>.</strong></span> <span class='ocrx_word' id='word_1_15' title='bbox 508 517 527 575; x_wconf 83' lang='grc'><strong>.’</strong></span> <span class='ocrx_word' id='word_1_16' title='bbox 559 525 590 576; x_wconf 90' lang='lat' dir='ltr'><strong>et</strong></span> <span class='ocrx_word' id='word_1_17' title='bbox 620 496 725 577; x_wconf 86' lang='lat' dir='ltr'><strong>tertio:¹</strong></span> <span class='ocrx_word' id='word_1_18' title='bbox 752 518 786 576; x_wconf 87' lang='lat' dir='ltr'><strong>‘si</strong></span> <span class='ocrx_word' id='word_1_19' title='bbox 817 535 950 577; x_wconf 88' lang='lat' dir='ltr'><strong>summus</strong></span> <span class='ocrx_word' id='word_1_20' title='bbox 977 516 1063 579; x_wconf 90' lang='lat' dir='ltr'><strong>dolor</strong></span> <span class='ocrx_word' id='word_1_21' title='bbox 1095 518 1147 579; x_wconf 87' lang='lat' dir='ltr'><strong>est&#39;</strong></span> <span class='ocrx_word' id='word_1_22' title='bbox 1181 520 1280 599; x_wconf 87' lang='lat' dir='ltr'><strong>inquit</strong></span> <span class='ocrx_word' id='word_1_23' title='bbox 1307 515 1484 603; x_wconf 77' lang='lat' dir='ltr'><strong>(Epicurus)</strong></span> 
     </span>
     <span class='ocr_line' id='line_1_4' title="bbox 135 617 1486 705; baseline 0.006 -28"><span class='ocrx_word' id='word_1_24' title='bbox 135 617 269 678; x_wconf 70' lang='lat' dir='ltr'><strong>tbrevem</strong></span> <span class='ocrx_word' id='word_1_25' title='bbox 303 638 436 680; x_wconf 84' lang='lat' dir='ltr'><strong>necesse</strong></span> <span class='ocrx_word' id='word_1_26' title='bbox 459 640 534 681; x_wconf 84' lang='lat' dir='ltr'><strong>esse.</strong></span> <span class='ocrx_word' id='word_1_27' title='bbox 569 624 656 681; x_wconf 88' lang='lat' dir='ltr'><strong>‘itera</strong></span> <span class='ocrx_word' id='word_1_28' title='bbox 686 620 757 681; x_wconf 87' lang='lat' dir='ltr'><strong>dnm</strong></span> <span class='ocrx_word' id='word_1_29' title='bbox 863 622 962 682; x_wconf 72' lang='lat' dir='ltr'><strong>mihil</strong></span> <span class='ocrx_word' id='word_1_30' title='bbox 1001 643 1061 684; x_wconf 92' lang='lat' dir='ltr'><strong>non</strong></span> <span class='ocrx_word' id='word_1_31' title='bbox 1107 623 1187 683; x_wconf 88' lang='lat' dir='ltr'><strong>enim</strong></span> <span class='ocrx_word' id='word_1_32' title='bbox 1223 624 1295 685; x_wconf 87' lang='lat' dir='ltr'><strong>satis</strong></span> <span class='ocrx_word' id='word_1_33' title='bbox 1333 624 1486 705; x_wconf 85' lang='lat' dir='ltr'><strong>intellego,</strong></span> 
     </span>
     <span class='ocr_line' id='line_1_5' title="bbox 137 721 1487 808; baseline 0.005 -27"><span class='ocrx_word' id='word_1_34' title='bbox 137 721 208 802; x_wconf 89' lang='lat' dir='ltr'><strong>quid</strong></span> <span class='ocrx_word' id='word_1_35' title='bbox 231 743 380 801; x_wconf 83' lang='lat' dir='ltr'><strong>summum</strong></span> <span class='ocrx_word' id='word_1_36' title='bbox 403 724 486 786; x_wconf 88' lang='lat' dir='ltr'><strong>dicas</strong></span> <span class='ocrx_word' id='word_1_37' title='bbox 510 746 585 801; x_wconf 87' lang='lat' dir='ltr'><strong>esse,</strong></span> <span class='ocrx_word' id='word_1_38' title='bbox 610 726 682 806; x_wconf 90' lang='lat' dir='ltr'><strong>quid</strong></span> <span class='ocrx_word' id='word_1_39' title='bbox 698 725 813 791; x_wconf 85' lang='lat' dir='ltr'><strong>breve.&#39;</strong></span> <span class='ocrx_word' id='word_1_40' title='bbox 838 726 971 808; x_wconf 84' lang='lat' dir='ltr'><strong>denique</strong></span> <span class='ocrx_word' id='word_1_41' title='bbox 994 726 1035 787; x_wconf 61' lang='lat' dir='ltr'><strong>ad,</strong></span> <span class='ocrx_word' id='word_1_42' title='bbox 1050 726 1179 789; x_wconf 87' lang='lat' dir='ltr'><strong>eandem</strong></span> <span class='ocrx_word' id='word_1_43' title='bbox 1193 727 1326 788; x_wconf 82' lang='lat' dir='ltr'><strong>fabulam</strong></span> <span class='ocrx_word' id='word_1_44' title='bbox 1343 727 1487 788; x_wconf 78' lang='lat' dir='ltr'><strong>Wslolror</strong></span> 
     </span>
     <span class='ocr_line' id='line_1_6' title="bbox 139 826 1487 913; baseline 0.007 -30"><span class='ocrx_word' id='word_1_45' title='bbox 139 826 266 888; x_wconf 87' lang='lat' dir='ltr'><strong>coniecit</strong></span> <span class='ocrx_word' id='word_1_46' title='bbox 287 829 460 891; x_wconf 87' lang='lat' dir='ltr'><strong>referendos</strong></span> <span class='ocrx_word' id='word_1_47' title='bbox 489 851 555 891; x_wconf 88' lang='lat' dir='ltr'><strong>esse</strong></span> <span class='ocrx_word' id='word_1_48' title='bbox 588 850 702 906; x_wconf 83' lang='lat' dir='ltr'><strong>versus,</strong></span> <span class='ocrx_word' id='word_1_49' title='bbox 732 851 808 911; x_wconf 85' lang='lat' dir='ltr'><strong>quos</strong></span> <span class='ocrx_word' id='word_1_50' title='bbox 840 829 946 893; x_wconf 82' lang='lat' dir='ltr'><strong>Oicoro</strong></span> <span class='ocrx_word' id='word_1_51' title='bbox 976 830 1074 892; x_wconf 78' lang='lat' dir='ltr'><strong>adfert</strong></span> <span class='ocrx_word' id='word_1_52' title='bbox 1107 832 1144 892; x_wconf 91' lang='lat' dir='ltr'><strong>de</strong></span> <span class='ocrx_word' id='word_1_53' title='bbox 1168 829 1220 892; x_wconf 90' lang='lat' dir='ltr'><strong>Or.</strong></span> <span class='ocrx_word' id='word_1_54' title='bbox 1253 832 1305 893; x_wconf 91' lang='lat' dir='ltr'><strong>HI</strong></span> <span class='ocrx_word' id='word_1_55' title='bbox 1336 833 1487 913; x_wconf 75' lang='lat'><strong>58„219‚</strong></span> 
     </span>
     <span class='ocr_line' id='line_1_7' title="bbox 138 931 1488 1017; baseline 0.004 -25"><span class='ocrx_word' id='word_1_56' title='bbox 138 934 191 1011; x_wconf 87' lang='lat' dir='ltr'><strong>qui</strong></span> <span class='ocrx_word' id='word_1_57' title='bbox 207 931 349 994; x_wconf 85' lang='lat' dir='ltr'><strong>videntur</strong></span> <span class='ocrx_word' id='word_1_58' title='bbox 371 936 488 1016; x_wconf 63' lang='lat' dir='ltr'><strong>sumptiv</strong></span> <span class='ocrx_word' id='word_1_59' title='bbox 505 956 572 997; x_wconf 84' lang='lat' dir='ltr'><strong>esso</strong></span> <span class='ocrx_word' id='word_1_60' title='bbox 595 956 633 995; x_wconf 84' lang='lat' dir='ltr'><strong>ex</strong></span> <span class='ocrx_word' id='word_1_61' title='bbox 656 937 800 1007; x_wconf 86' lang='lat' dir='ltr'><strong>oratione,</strong></span> <span class='ocrx_word' id='word_1_62' title='bbox 825 956 886 1016; x_wconf 86' lang='lat' dir='ltr'><strong>qua</strong></span> <span class='ocrx_word' id='word_1_63' title='bbox 901 937 1002 996; x_wconf 82' lang='lat' dir='ltr'><strong>Iliona</strong></span> <span class='ocrx_word' id='word_1_64' title='bbox 1022 936 1174 1017; x_wconf 86' lang='lat' dir='ltr'><strong>Polydoro</strong></span> <span class='ocrx_word' id='word_1_65' title='bbox 1197 938 1283 999; x_wconf 85' lang='lat' dir='ltr'><strong>fratri</strong></span> <span class='ocrx_word' id='word_1_66' title='bbox 1307 935 1343 996; x_wconf 93' lang='lat' dir='ltr'><strong>ab</strong></span> <span class='ocrx_word' id='word_1_67' title='bbox 1367 938 1488 998; x_wconf 87' lang='lat' dir='ltr'><strong>oraculo</strong></span> 
     </span>
     <span class='ocr_line' id='line_1_8' title="bbox 139 1036 1488 1121; baseline 0.004 -26"><span class='ocrx_word' id='word_1_68' title='bbox 139 1036 289 1118; x_wconf 89' lang='lat' dir='ltr'><strong>Delphico</strong></span> <span class='ocrx_word' id='word_1_69' title='bbox 314 1041 449 1099; x_wconf 88' lang='lat' dir='ltr'><strong>venienti</strong></span> <span class='ocrx_word' id='word_1_70' title='bbox 476 1049 571 1101; x_wconf 89' lang='lat' dir='ltr'><strong>totum</strong></span> <span class='ocrx_word' id='word_1_71' title='bbox 599 1060 699 1101; x_wconf 89' lang='lat' dir='ltr'><strong>rerum</strong></span> <span class='ocrx_word' id='word_1_72' title='bbox 730 1039 1064 1121; x_wconf 80' lang='lat' dir='ltr'><strong>ordinemexplicavit.</strong></span> <span class='ocrx_word' id='word_1_73' title='bbox 1095 1052 1164 1103; x_wconf 90' lang='lat' dir='ltr'><strong>sunt</strong></span> <span class='ocrx_word' id='word_1_74' title='bbox 1188 1052 1288 1103; x_wconf 85' lang='lat' dir='ltr'><strong>autem</strong></span> <span class='ocrx_word' id='word_1_75' title='bbox 1311 1062 1416 1105; x_wconf 84' lang='lat' dir='ltr'><strong>versus</strong></span> <span class='ocrx_word' id='word_1_76' title='bbox 1441 1042 1488 1101; x_wconf 88' lang='lat' dir='ltr'><strong>hi:</strong></span> 
     </span>
    </p>
   </div>
   <div class='ocr_carea' id='block_1_3' title="bbox 295 1191 1456 1441">
    <p class='ocr_par' dir='ltr' id='par_1_3' title="bbox 295 1191 1456 1441">
     <span class='ocr_line' id='line_1_9' title="bbox 298 1191 1151 1265; baseline 0.006 -21"><span class='ocrx_word' id='word_1_77' title='bbox 298 1191 361 1260; x_wconf 75' lang='lat' dir='ltr'><strong>‘qud</strong></span> <span class='ocrx_word' id='word_1_78' title='bbox 377 1198 536 1263; x_wconf 80' lang='lat' dir='ltr'><strong>tempestate</strong></span> <span class='ocrx_word' id='word_1_79' title='bbox 554 1195 688 1249; x_wconf 68' lang='lat' dir='ltr'><strong>Holenam</strong></span> <span class='ocrx_word' id='word_1_80' title='bbox 705 1198 782 1250; x_wconf 85' lang='lat' dir='ltr'><strong>Paris</strong></span> <span class='ocrx_word' id='word_1_81' title='bbox 800 1195 921 1265; x_wconf 86' lang='lat' dir='ltr'><strong>inndptis</strong></span> <span class='ocrx_word' id='word_1_82' title='bbox 939 1200 1025 1249; x_wconf 83' lang='lat' dir='ltr'><strong>iunxit</strong></span> <span class='ocrx_word' id='word_1_83' title='bbox 1042 1195 1151 1265; x_wconf 79' lang='lat' dir='ltr'><strong>nuptiis,</strong></span> 
     </span>
     <span class='ocr_line' id='line_1_10' title="bbox 296 1283 1316 1352; baseline 0.007 -21"><span class='ocrx_word' id='word_1_84' title='bbox 296 1283 346 1347; x_wconf 70' lang='lat' dir='ltr'><strong>ego</strong></span> <span class='ocrx_word' id='word_1_85' title='bbox 364 1289 420 1334; x_wconf 89' lang='lat' dir='ltr'><strong>tnm</strong></span> <span class='ocrx_word' id='word_1_86' title='bbox 440 1285 554 1349; x_wconf 58' lang='lat' dir='ltr'><strong>vanida</strong></span> <span class='ocrx_word' id='word_1_87' title='bbox 572 1284 685 1351; x_wconf 71' lang='lat' dir='ltr'><strong>expletis</strong></span> <span class='ocrx_word' id='word_1_88' title='bbox 701 1285 757 1336; x_wconf 84' lang='lat' dir='ltr'><strong>ism</strong></span> <span class='ocrx_word' id='word_1_89' title='bbox 775 1283 881 1337; x_wconf 79' lang='lat' dir='ltr'><strong>faroald</strong></span> <span class='ocrx_word' id='word_1_90' title='bbox 898 1285 1056 1352; x_wconf 86' lang='lat' dir='ltr'><strong>pariendum</strong></span> <span class='ocrx_word' id='word_1_91' title='bbox 1075 1286 1225 1338; x_wconf 83' lang='lat' dir='ltr'><strong>mansibus:</strong></span> <span class='ocrx_word' id='word_1_92' title='bbox 1312 1308 1316 1313; x_wconf 92' lang='lat'>·</span> 
     </span>
     <span class='ocr_line' id='line_1_11' title="bbox 295 1367 1456 1441; baseline 0.003 -20"><span class='ocrx_word' id='word_1_93' title='bbox 295 1367 344 1437; x_wconf 73' lang='lat' dir='ltr'><strong>pdr</strong></span> <span class='ocrx_word' id='word_1_94' title='bbox 361 1370 433 1422; x_wconf 87' lang='lat' dir='ltr'><strong>idom</strong></span> <span class='ocrx_word' id='word_1_95' title='bbox 451 1377 556 1440; x_wconf 83' lang='lat' dir='ltr'><strong>tempus</strong></span> <span class='ocrx_word' id='word_1_96' title='bbox 573 1371 736 1438; x_wconf 75' lang='lat' dir='ltr'><strong>Polydorum</strong></span> <span class='ocrx_word' id='word_1_97' title='bbox 754 1374 869 1424; x_wconf 83' lang='lat' dir='ltr'><strong>Hecuba</strong></span> <span class='ocrx_word' id='word_1_98' title='bbox 885 1370 964 1439; x_wconf 67' lang='lat' dir='ltr'><strong>partu</strong></span> <span class='ocrx_word' id='word_1_99' title='bbox 981 1372 1115 1439; x_wconf 76' lang='lat' dir='ltr'><strong>postremo</strong></span> <span class='ocrx_word' id='word_1_100' title='bbox 1134 1375 1213 1441; x_wconf 85' lang='lat' dir='ltr'><strong>parit’</strong></span> <span class='ocrx_word' id='word_1_101' title='bbox 1232 1375 1293 1439; x_wconf 86' lang='lat' dir='ltr'><strong>(inc.</strong></span> <span class='ocrx_word' id='word_1_102' title='bbox 1310 1376 1360 1425; x_wconf 90' lang='lat' dir='ltr'><strong>inc.</strong></span> <span class='ocrx_word' id='word_1_103' title='bbox 1374 1375 1391 1426; x_wconf 82' lang='lat' dir='ltr'><strong>f.</strong></span> <span class='ocrx_word' id='word_1_104' title='bbox 1403 1375 1456 1441; x_wconf 74' lang='lat' dir='ltr'><strong>tt).</strong></span> 
     </span>
    </p>
   </div>
   <div class='ocr_carea' id='block_1_4' title="bbox 139 1509 1500 3354">
    <p class='ocr_par' dir='ltr' id='par_1_4' title="bbox 139 1509 1492 1699">
     <span class='ocr_line' id='line_1_12' title="bbox 139 1509 1492 1594; baseline 0.007 -27"><span class='ocrx_word' id='word_1_105' title='bbox 139 1528 219 1587; x_wconf 83' lang='lat' dir='ltr'><strong>quae</strong></span> <span class='ocrx_word' id='word_1_106' title='bbox 239 1511 335 1571; x_wconf 84' lang='lat' dir='ltr'><strong>verba</strong></span> <span class='ocrx_word' id='word_1_107' title='bbox 358 1509 463 1574; x_wconf 81' lang='lat' dir='ltr'><strong>Cicero</strong></span> <span class='ocrx_word' id='word_1_108' title='bbox 487 1513 656 1590; x_wconf 83' lang='lat' dir='ltr'><strong>desiderare</strong></span> <span class='ocrx_word' id='word_1_109' title='bbox 690 1514 764 1575; x_wconf 86' lang='lat' dir='ltr'><strong>dicit</strong></span> <span class='ocrx_word' id='word_1_110' title='bbox 784 1514 869 1574; x_wconf 87' lang='lat' dir='ltr'><strong>vocis</strong></span> <span class='ocrx_word' id='word_1_111' title='bbox 892 1534 988 1591; x_wconf 81' lang='lat' dir='ltr'><strong>genus</strong></span> <span class='ocrx_word' id='word_1_112' title='bbox 1012 1515 1087 1573; x_wconf 87' lang='lat' dir='ltr'><strong>‘sine</strong></span> <span class='ocrx_word' id='word_1_113' title='bbox 1111 1515 1374 1576; x_wconf 74' lang='lat' dir='ltr'><strong>commiseratione·</strong></span> <span class='ocrx_word' id='word_1_114' title='bbox 1398 1536 1492 1594; x_wconf 84' lang='lat' dir='ltr'><strong>grave</strong></span> 
     </span>
     <span class='ocr_line' id='line_1_13' title="bbox 141 1614 1491 1699; baseline 0.007 -26"><span class='ocrx_word' id='word_1_115' title='bbox 141 1614 292 1693; x_wconf 87' lang='lat' dir='ltr'><strong>quoddam</strong></span> <span class='ocrx_word' id='word_1_116' title='bbox 315 1627 346 1677; x_wconf 90' lang='lat' dir='ltr'><strong>et</strong></span> <span class='ocrx_word' id='word_1_117' title='bbox 367 1638 428 1678; x_wconf 89' lang='lat' dir='ltr'><strong>uno</strong></span> <span class='ocrx_word' id='word_1_118' title='bbox 450 1639 556 1698; x_wconf 88' lang='lat' dir='ltr'><strong>pressu</strong></span> <span class='ocrx_word' id='word_1_119' title='bbox 580 1640 616 1679; x_wconf 91' lang='lat' dir='ltr'><strong>ac</strong></span> <span class='ocrx_word' id='word_1_120' title='bbox 638 1640 711 1679; x_wconf 92' lang='lat' dir='ltr'><strong>sono</strong></span> <span class='ocrx_word' id='word_1_121' title='bbox 735 1616 916 1679; x_wconf 90' lang='lat' dir='ltr'><strong>obductum’.</strong></span> <span class='ocrx_word' id='word_1_122' title='bbox 941 1618 1107 1699; x_wconf 90' lang='lat' dir='ltr'><strong>eademque</strong></span> <span class='ocrx_word' id='word_1_123' title='bbox 1129 1621 1252 1699; x_wconf 81' lang='lat' dir='ltr'>respicit</span> <span class='ocrx_word' id='word_1_124' title='bbox 1273 1620 1325 1684; x_wconf 87' lang='lat' dir='ltr'><strong>Or.</strong></span> <span class='ocrx_word' id='word_1_125' title='bbox 1341 1623 1393 1699; x_wconf 84' lang='lat'><strong>49,</strong></span> <span class='ocrx_word' id='word_1_126' title='bbox 1420 1624 1491 1684; x_wconf 88' lang='grc'><strong>164.</strong></span> 
     </span>
    </p>

    <p class='ocr_par' dir='ltr' id='par_1_5' title="bbox 141 1720 1500 3354">
     <span class='ocr_line' id='line_1_14' title="bbox 245 1720 1491 1805; baseline 0.005 -25"><span class='ocrx_word' id='word_1_127' title='bbox 245 1720 310 1781; x_wconf 91' lang='lat' dir='ltr'><strong>Iam</strong></span> <span class='ocrx_word' id='word_1_128' title='bbox 334 1740 406 1782; x_wconf 86' lang='lat' dir='ltr'><strong>vero</strong></span> <span class='ocrx_word' id='word_1_129' title='bbox 428 1724 573 1802; x_wconf 85' lang='lat' dir='ltr'><strong>sequitur,</strong></span> <span class='ocrx_word' id='word_1_130' title='bbox 606 1733 640 1783; x_wconf 89' lang='lat' dir='ltr'><strong>ut</strong></span> <span class='ocrx_word' id='word_1_131' title='bbox 667 1744 753 1802; x_wconf 82' lang='lat' dir='ltr'><strong>agam</strong></span> <span class='ocrx_word' id='word_1_132' title='bbox 787 1724 824 1781; x_wconf 88' lang='lat' dir='ltr'><strong>de</strong></span> <span class='ocrx_word' id='word_1_133' title='bbox 852 1724 994 1793; x_wconf 85' lang='lat' dir='ltr'><strong>&#39;Teucro</strong></span> <span class='ocrx_word' id='word_1_134' title='bbox 1026 1722 1128 1803; x_wconf 68' lang='lat' dir='ltr'><strong>(Ritu</strong></span> <span class='ocrx_word' id='word_1_135' title='bbox 1162 1724 1255 1803; x_wconf 85' lang='lat' dir='ltr'><strong>Trag.</strong></span> <span class='ocrx_word' id='word_1_136' title='bbox 1279 1724 1367 1784; x_wconf 86' lang='lat' dir='ltr'><strong>Rom.</strong></span> <span class='ocrx_word' id='word_1_137' title='bbox 1400 1726 1437 1783; x_wconf 85' lang='lat' dir='ltr'><strong>fr.</strong></span> <span class='ocrx_word' id='word_1_138' title='bbox 1461 1746 1491 1805; x_wconf 91' lang='lat' dir='ltr'><strong>p.</strong></span> 
     </span>
     <span class='ocr_line' id='line_1_15' title="bbox 145 1824 1494 1909; baseline 0.003 -26"><span class='ocrx_word' id='word_1_139' title='bbox 145 1824 204 1883; x_wconf 88' lang='grc'><strong>116</strong></span> <span class='ocrx_word' id='word_1_140' title='bbox 229 1844 307 1905; x_wconf 70' lang='lat' dir='ltr'><strong>sqq„</strong></span> <span class='ocrx_word' id='word_1_141' title='bbox 339 1827 445 1888; x_wconf 87' lang='lat' dir='ltr'><strong>Roem.</strong></span> <span class='ocrx_word' id='word_1_142' title='bbox 468 1828 562 1908; x_wconf 85' lang='lat' dir='ltr'><strong>Trag.</strong></span> <span class='ocrx_word' id='word_1_143' title='bbox 591 1850 620 1909; x_wconf 86' lang='lat' dir='ltr'><strong>p.</strong></span> <span class='ocrx_word' id='word_1_144' title='bbox 646 1830 708 1888; x_wconf 78' lang='lat'><strong>223</strong></span> <span class='ocrx_word' id='word_1_145' title='bbox 732 1825 824 1908; x_wconf 80' lang='lat' dir='ltr'><strong>sqq.),</strong></span> <span class='ocrx_word' id='word_1_146' title='bbox 855 1847 932 1907; x_wconf 86' lang='lat' dir='ltr'><strong>quae</strong></span> <span class='ocrx_word' id='word_1_147' title='bbox 963 1826 1069 1897; x_wconf 85' lang='lat' dir='ltr'><strong>fabula</strong></span> <span class='ocrx_word' id='word_1_148' title='bbox 1099 1829 1213 1907; x_wconf 90' lang='lat' dir='ltr'><strong>populo</strong></span> <span class='ocrx_word' id='word_1_149' title='bbox 1237 1828 1374 1907; x_wconf 79' lang='lat' dir='ltr'><strong>adprime</strong></span> <span class='ocrx_word' id='word_1_150' title='bbox 1406 1839 1494 1907; x_wconf 82' lang='lat' dir='ltr'><strong>grata</strong></span> 
     </span>
     <span class='ocr_line' id='line_1_16' title="bbox 141 1931 1493 2013; baseline 0.004 -28"><span class='ocrx_word' id='word_1_151' title='bbox 141 1934 233 2007; x_wconf 87' lang='lat' dir='ltr'><strong>atque</strong></span> <span class='ocrx_word' id='word_1_152' title='bbox 265 1941 390 2011; x_wconf 87' lang='lat' dir='ltr'><strong>accepta</strong></span> <span class='ocrx_word' id='word_1_153' title='bbox 421 1933 514 1993; x_wconf 85' lang='lat' dir='ltr'><strong>fuisse</strong></span> <span class='ocrx_word' id='word_1_154' title='bbox 545 1933 673 1994; x_wconf 88' lang='lat' dir='ltr'><strong>videtur.</strong></span> <span class='ocrx_word' id='word_1_155' title='bbox 707 1931 780 2012; x_wconf 89' lang='lat' dir='ltr'><strong>quid</strong></span> <span class='ocrx_word' id='word_1_156' title='bbox 825 1932 907 2013; x_wconf 93' lang='lat' dir='ltr'><strong>quod</strong></span> <span class='ocrx_word' id='word_1_157' title='bbox 941 1932 1096 1991; x_wconf 80' lang='lat' dir='ltr'><strong>materiem</strong></span> <span class='ocrx_word' id='word_1_158' title='bbox 1129 1932 1268 2011; x_wconf 87' lang='lat' dir='ltr'><strong>praebuit</strong></span> <span class='ocrx_word' id='word_1_159' title='bbox 1303 1933 1340 1991; x_wconf 91' lang='lat' dir='ltr'><strong>ad</strong></span> <span class='ocrx_word' id='word_1_160' title='bbox 1379 1934 1493 1993; x_wconf 85' lang='lat' dir='ltr'><strong>exerci-</strong></span> 
     </span>
     <span class='ocr_line' id='line_1_17' title="bbox 144 2035 1494 2117; baseline 0.005 -27"><span class='ocrx_word' id='word_1_161' title='bbox 144 2035 274 2093; x_wconf 89' lang='lat' dir='ltr'><strong>tationes</strong></span> <span class='ocrx_word' id='word_1_162' title='bbox 297 2035 473 2111; x_wconf 84' lang='lat' dir='ltr'><strong>rhetoricas,</strong></span> <span class='ocrx_word' id='word_1_163' title='bbox 498 2038 613 2116; x_wconf 87' lang='lat' dir='ltr'><strong>quippo</strong></span> <span class='ocrx_word' id='word_1_164' title='bbox 637 2058 696 2116; x_wconf 91' lang='lat' dir='ltr'><strong>qua</strong></span> <span class='ocrx_word' id='word_1_165' title='bbox 718 2038 797 2097; x_wconf 87' lang='lat' dir='ltr'><strong>varii</strong></span> <span class='ocrx_word' id='word_1_166' title='bbox 823 2037 944 2115; x_wconf 84' lang='lat' dir='ltr'><strong>generis</strong></span> <span class='ocrx_word' id='word_1_167' title='bbox 967 2037 1118 2097; x_wconf 85' lang='lat' dir='ltr'><strong>orationes</strong></span> <span class='ocrx_word' id='word_1_168' title='bbox 1141 2040 1378 2117; x_wconf 81' lang='lat' dir='ltr'><strong>continerentur;</strong></span> <span class='ocrx_word' id='word_1_169' title='bbox 1402 2040 1439 2097; x_wconf 82' lang='lat' dir='ltr'><strong>of.</strong></span> <span class='ocrx_word' id='word_1_170' title='bbox 1457 2039 1494 2097; x_wconf 87' lang='lat' dir='ltr'><strong>de</strong></span> 
     </span>
     <span class='ocr_line' id='line_1_18' title="bbox 141 2123 1494 2230; baseline 0.004 -36"><span class='ocrx_word' id='word_1_171' title='bbox 141 2135 194 2230; x_wconf 67' lang='lat' dir='ltr'><strong>(ir,</strong></span> <span class='ocrx_word' id='word_1_172' title='bbox 218 2139 234 2196; x_wconf 94' lang='grc' dir='ltr'>Ι</span> <span class='ocrx_word' id='word_1_173' title='bbox 258 2140 308 2221; x_wconf 80' lang='grc'><strong>58,</strong></span> <span class='ocrx_word' id='word_1_174' title='bbox 334 2143 409 2199; x_wconf 77' lang='lat'>246:</span> <span class='ocrx_word' id='word_1_175' title='bbox 440 2123 689 2221; x_wconf 74' lang='lat' dir='ltr'><strong>‘necquicquam</strong></span> <span class='ocrx_word' id='word_1_176' title='bbox 713 2150 894 2215; x_wconf 86' lang='lat' dir='ltr'><strong>esteorum,</strong></span> <span class='ocrx_word' id='word_1_177' title='bbox 930 2142 992 2220; x_wconf 85' lang='lat' dir='ltr'><strong>qui,</strong></span> <span class='ocrx_word' id='word_1_178' title='bbox 1026 2144 1051 2200; x_wconf 92' lang='lat' dir='ltr'><strong>si</strong></span> <span class='ocrx_word' id='word_1_179' title='bbox 1079 2142 1138 2200; x_wconf 81' lang='lat' dir='ltr'><strong>iarn</strong></span> <span class='ocrx_word' id='word_1_180' title='bbox 1163 2144 1201 2200; x_wconf 86' lang='lat' dir='ltr'><strong>sit</strong></span> <span class='ocrx_word' id='word_1_181' title='bbox 1224 2142 1417 2201; x_wconf 87' lang='lat' dir='ltr'><strong>ediscendum</strong></span> <span class='ocrx_word' id='word_1_182' title='bbox 1441 2144 1494 2201; x_wconf 88' lang='lat' dir='ltr'><strong>ali·</strong></span> 
     </span>
     <span class='ocr_line' id='line_1_19' title="bbox 143 2242 1495 2325; baseline 0.004 -25"><span class='ocrx_word' id='word_1_183' title='bbox 143 2242 226 2321; x_wconf 85' lang='lat' dir='ltr'><strong>quid,</strong></span> <span class='ocrx_word' id='word_1_184' title='bbox 260 2263 320 2303; x_wconf 90' lang='lat' dir='ltr'><strong>non</strong></span> <span class='ocrx_word' id='word_1_185' title='bbox 352 2244 503 2305; x_wconf 78' lang='lat' dir='ltr'>Teucrum</span> <span class='ocrx_word' id='word_1_186' title='bbox 538 2247 665 2305; x_wconf 86' lang='lat' dir='ltr'><strong>Pacuvii</strong></span> <span class='ocrx_word' id='word_1_187' title='bbox 695 2246 791 2318; x_wconf 90' lang='lat' dir='ltr'><strong>malit,</strong></span> <span class='ocrx_word' id='word_1_188' title='bbox 837 2266 927 2325; x_wconf 91' lang='lat' dir='ltr'><strong>quam</strong></span> <span class='ocrx_word' id='word_1_189' title='bbox 961 2247 1142 2306; x_wconf 85' lang='lat' dir='ltr'><strong>Manilianas</strong></span> <span class='ocrx_word' id='word_1_190' title='bbox 1174 2247 1329 2306; x_wconf 87' lang='lat' dir='ltr'><strong>venalium</strong></span> <span class='ocrx_word' id='word_1_191' title='bbox 1359 2246 1495 2315; x_wconf 85' lang='lat' dir='ltr'><strong>¹venden-</strong></span> 
     </span>
     <span class='ocr_line' id='line_1_20' title="bbox 142 2345 1495 2431; baseline 0.004 -27"><span class='ocrx_word' id='word_1_192' title='bbox 142 2345 248 2405; x_wconf 89' lang='lat' dir='ltr'><strong>dorum</strong></span> <span class='ocrx_word' id='word_1_193' title='bbox 270 2348 354 2427; x_wconf 85' lang='lat' dir='ltr'><strong>leges</strong></span> <span class='ocrx_word' id='word_1_194' title='bbox 377 2350 528 2411; x_wconf 84' lang='lat' dir='ltr'><strong>ediscere’.</strong></span> <span class='ocrx_word' id='word_1_195' title='bbox 552 2353 646 2410; x_wconf 91' lang='lat' dir='ltr'><strong>altero</strong></span> <span class='ocrx_word' id='word_1_196' title='bbox 670 2361 770 2411; x_wconf 90' lang='lat' dir='ltr'><strong>autem</strong></span> <span class='ocrx_word' id='word_1_197' title='bbox 793 2351 927 2411; x_wconf 86' lang='lat' dir='ltr'><strong>eiusdem</strong></span> <span class='ocrx_word' id='word_1_198' title='bbox 951 2351 1050 2431; x_wconf 87' lang='lat' dir='ltr'><strong>operis</strong></span> <span class='ocrx_word' id='word_1_199' title='bbox 1073 2350 1139 2411; x_wconf 91' lang='lat' dir='ltr'><strong>loco</strong></span> <span class='ocrx_word' id='word_1_200' title='bbox 1162 2352 1195 2410; x_wconf 95' lang='lat' dir='ltr'><strong>II</strong></span> <span class='ocrx_word' id='word_1_201' title='bbox 1218 2354 1269 2425; x_wconf 88' lang='grc'><strong>46,</strong></span> <span class='ocrx_word' id='word_1_202' title='bbox 1296 2354 1367 2425; x_wconf 84' lang='grc'>193,</span> <span class='ocrx_word' id='word_1_203' title='bbox 1390 2372 1495 2430; x_wconf 88' lang='lat' dir='ltr'><strong>quam·</strong></span> 
     </span>
     <span class='ocr_line' id='line_1_21' title="bbox 145 2453 1495 2535; baseline 0.002 -25"><span class='ocrx_word' id='word_1_204' title='bbox 145 2472 236 2530; x_wconf 83' lang='lat' dir='ltr'><strong>quarn</strong></span> <span class='ocrx_word' id='word_1_205' title='bbox 260 2453 394 2532; x_wconf 90' lang='lat' dir='ltr'><strong>loquitur</strong></span> <span class='ocrx_word' id='word_1_206' title='bbox 416 2457 577 2528; x_wconf 83' lang='lat' dir='ltr'><strong>Antonius,</strong></span> <span class='ocrx_word' id='word_1_207' title='bbox 602 2465 702 2515; x_wconf 87' lang='lat' dir='ltr'><strong>tamen</strong></span> <span class='ocrx_word' id='word_1_208' title='bbox 726 2456 780 2516; x_wconf 84' lang='lat' dir='ltr'><strong>vix</strong></span> <span class='ocrx_word' id='word_1_209' title='bbox 796 2464 896 2535; x_wconf 86' lang='lat' dir='ltr'><strong>potest</strong></span> <span class='ocrx_word' id='word_1_210' title='bbox 912 2455 1052 2527; x_wconf 88' lang='lat' dir='ltr'><strong>dubitari,</strong></span> <span class='ocrx_word' id='word_1_211' title='bbox 1078 2458 1150 2535; x_wconf 90' lang='lat' dir='ltr'><strong>quin</strong></span> <span class='ocrx_word' id='word_1_212' title='bbox 1164 2454 1271 2514; x_wconf 81' lang='lat' dir='ltr'><strong>Cicero</strong></span> <span class='ocrx_word' id='word_1_213' title='bbox 1294 2457 1359 2535; x_wconf 90' lang='lat' dir='ltr'><strong>ipse</strong></span> <span class='ocrx_word' id='word_1_214' title='bbox 1375 2458 1495 2533; x_wconf 83' lang='lat' dir='ltr'><strong>referat,</strong></span> 
     </span>
     <span class='ocr_line' id='line_1_22' title="bbox 146 2556 1496 2639; baseline 0.002 -23"><span class='ocrx_word' id='word_1_215' title='bbox 146 2556 225 2636; x_wconf 89' lang='lat' dir='ltr'><strong>quod</strong></span> <span class='ocrx_word' id='word_1_216' title='bbox 249 2561 312 2619; x_wconf 88' lang='lat' dir='ltr'><strong>suis</strong></span> <span class='ocrx_word' id='word_1_217' title='bbox 335 2560 431 2619; x_wconf 82' lang='lat' dir='ltr'><strong>oculis</strong></span> <span class='ocrx_word' id='word_1_218' title='bbox 454 2560 574 2621; x_wconf 89' lang='lat' dir='ltr'><strong>viderit.</strong></span> <span class='ocrx_word' id='word_1_219' title='bbox 599 2562 697 2639; x_wconf 82' lang='lat' dir='ltr'><strong>agitur</strong></span> <span class='ocrx_word' id='word_1_220' title='bbox 725 2562 805 2618; x_wconf 89' lang='lat' dir='ltr'><strong>enim</strong></span> <span class='ocrx_word' id='word_1_221' title='bbox 830 2560 868 2620; x_wconf 91' lang='lat' dir='ltr'><strong>de</strong></span> <span class='ocrx_word' id='word_1_222' title='bbox 899 2562 990 2619; x_wconf 90' lang='lat' dir='ltr'><strong>animi</strong></span> <span class='ocrx_word' id='word_1_223' title='bbox 1015 2559 1221 2631; x_wconf 84' lang='lat' dir='ltr'><strong>commotione,</strong></span> <span class='ocrx_word' id='word_1_224' title='bbox 1255 2580 1316 2639; x_wconf 90' lang='lat' dir='ltr'><strong>qua</strong></span> <span class='ocrx_word' id='word_1_225' title='bbox 1350 2569 1496 2619; x_wconf 87' lang='lat' dir='ltr'><strong>oratorem</strong></span> 
     </span>
     <span class='ocr_line' id='line_1_23' title="bbox 145 2661 1497 2745; baseline 0.004 -27"><span class='ocrx_word' id='word_1_226' title='bbox 145 2661 255 2739; x_wconf 90' lang='lat' dir='ltr'><strong>ipsum,</strong></span> <span class='ocrx_word' id='word_1_227' title='bbox 280 2666 332 2742; x_wconf 89' lang='lat' dir='ltr'><strong>qui</strong></span> <span class='ocrx_word' id='word_1_228' title='bbox 355 2665 481 2723; x_wconf 88' lang='lat' dir='ltr'><strong>alicuius</strong></span> <span class='ocrx_word' id='word_1_229' title='bbox 504 2686 627 2724; x_wconf 88' lang='lat' dir='ltr'><strong>oausam</strong></span> <span class='ocrx_word' id='word_1_230' title='bbox 649 2665 817 2745; x_wconf 80' lang='lat' dir='ltr'><strong>susceperit</strong></span> <span class='ocrx_word' id='word_1_231' title='bbox 839 2663 1071 2738; x_wconf 77' lang='lat' dir='ltr'><strong>defendendam,</strong></span> <span class='ocrx_word' id='word_1_232' title='bbox 1096 2684 1161 2723; x_wconf 87' lang='lat' dir='ltr'><strong>esse</strong></span> <span class='ocrx_word' id='word_1_233' title='bbox 1190 2664 1309 2739; x_wconf 80' lang='lat' dir='ltr'><strong>debeat,</strong></span> <span class='ocrx_word' id='word_1_234' title='bbox 1338 2674 1371 2723; x_wconf 92' lang='lat' dir='ltr'><strong>ut</strong></span> <span class='ocrx_word' id='word_1_235' title='bbox 1397 2664 1497 2724; x_wconf 87' lang='lat' dir='ltr'><strong>verbis</strong></span> 
     </span>
     <span class='ocr_line' id='line_1_24' title="bbox 148 2767 1496 2849; baseline 0 -24"><span class='ocrx_word' id='word_1_236' title='bbox 148 2767 210 2826; x_wconf 88' lang='lat' dir='ltr'><strong>suis</strong></span> <span class='ocrx_word' id='word_1_237' title='bbox 234 2768 421 2827; x_wconf 86' lang='lat' dir='ltr'><strong>audientium</strong></span> <span class='ocrx_word' id='word_1_238' title='bbox 444 2780 565 2829; x_wconf 87' lang='lat' dir='ltr'><strong>moveat</strong></span> <span class='ocrx_word' id='word_1_239' title='bbox 589 2769 713 2829; x_wconf 86' lang='lat' dir='ltr'><strong>animos.</strong></span> <span class='ocrx_word' id='word_1_240' title='bbox 737 2769 819 2849; x_wconf 89' lang='lat' dir='ltr'><strong>quod</strong></span> <span class='ocrx_word' id='word_1_241' title='bbox 844 2768 933 2828; x_wconf 90' lang='lat' dir='ltr'><strong>etiam</strong></span> <span class='ocrx_word' id='word_1_242' title='bbox 949 2769 1014 2828; x_wconf 86' lang='lat' dir='ltr'><strong>fieri</strong></span> <span class='ocrx_word' id='word_1_243' title='bbox 1038 2767 1137 2828; x_wconf 88' lang='lat' dir='ltr'><strong>solere</strong></span> <span class='ocrx_word' id='word_1_244' title='bbox 1158 2770 1190 2827; x_wconf 92' lang='lat' dir='ltr'><strong>in</strong></span> <span class='ocrx_word' id='word_1_245' title='bbox 1214 2788 1322 2827; x_wconf 83' lang='lat' dir='ltr'><strong>scaena</strong></span> <span class='ocrx_word' id='word_1_246' title='bbox 1345 2769 1383 2827; x_wconf 92' lang='lat' dir='ltr'><strong>ab</strong></span> <span class='ocrx_word' id='word_1_247' title='bbox 1399 2769 1496 2827; x_wconf 88' lang='lat' dir='ltr'><strong>histri-</strong></span> 
     </span>
     <span class='ocr_line' id='line_1_25' title="bbox 145 2870 1498 2953; baseline 0.002 -25"><span class='ocrx_word' id='word_1_248' title='bbox 145 2870 262 2930; x_wconf 89' lang='lat' dir='ltr'><strong>onibus.</strong></span> <span class='ocrx_word' id='word_1_249' title='bbox 288 2872 346 2930; x_wconf 91' lang='lat' dir='ltr'><strong>iam</strong></span> <span class='ocrx_word' id='word_1_250' title='bbox 370 2882 438 2953; x_wconf 90' lang='lat' dir='ltr'><strong>post</strong></span> <span class='ocrx_word' id='word_1_251' title='bbox 461 2873 631 2953; x_wconf 87' lang='lat' dir='ltr'><strong>exemplum</strong></span> <span class='ocrx_word' id='word_1_252' title='bbox 655 2894 672 2933; x_wconf 93' lang='lat' dir='ltr'><strong>e</strong></span> <span class='ocrx_word' id='word_1_253' title='bbox 694 2872 814 2932; x_wconf 87' lang='lat' dir='ltr'><strong>Teucro</strong></span> <span class='ocrx_word' id='word_1_254' title='bbox 844 2872 1043 2952; x_wconf 85' lang='lat' dir='ltr'><strong>desumptum,</strong></span> <span class='ocrx_word' id='word_1_255' title='bbox 1077 2870 1171 2931; x_wconf 87' lang='lat' dir='ltr'><strong>verba</strong></span> <span class='ocrx_word' id='word_1_256' title='bbox 1203 2870 1270 2929; x_wconf 87' lang='lat' dir='ltr'><strong>dico</strong></span> <span class='ocrx_word' id='word_1_257' title='bbox 1294 2871 1357 2943; x_wconf 83' lang='lat' dir='ltr'><strong>illa,</strong></span> <span class='ocrx_word' id='word_1_258' title='bbox 1391 2872 1498 2951; x_wconf 91' lang='lat' dir='ltr'><strong>quibus</strong></span> 
     </span>
     <span class='ocr_line' id='line_1_26' title="bbox 144 2975 1500 3058; baseline 0.001 -25"><span class='ocrx_word' id='word_1_259' title='bbox 144 2975 274 3036; x_wconf 84' lang='lat' dir='ltr'><strong>Telamo</strong></span> <span class='ocrx_word' id='word_1_260' title='bbox 309 2997 402 3037; x_wconf 87' lang='lat' dir='ltr'><strong>senex</strong></span> <span class='ocrx_word' id='word_1_261' title='bbox 438 2980 557 3058; x_wconf 81' lang='lat' dir='ltr'><strong>excepit</strong></span> <span class='ocrx_word' id='word_1_262' title='bbox 589 2978 751 3047; x_wconf 79' lang='lat' dir='ltr'><strong>Teucrum,</strong></span> <span class='ocrx_word' id='word_1_263' title='bbox 790 2997 857 3036; x_wconf 90' lang='lat' dir='ltr'><strong>cum</strong></span> <span class='ocrx_word' id='word_1_264' title='bbox 889 2976 1053 3036; x_wconf 85' lang='lat' dir='ltr'><strong>audivisset</strong></span> <span class='ocrx_word' id='word_1_265' title='bbox 1084 2975 1209 3034; x_wconf 85' lang='lat' dir='ltr'><strong>Aiacem</strong></span> <span class='ocrx_word' id='word_1_266' title='bbox 1242 2996 1308 3035; x_wconf 89' lang='lat' dir='ltr'><strong>esse</strong></span> <span class='ocrx_word' id='word_1_267' title='bbox 1340 2985 1500 3050; x_wconf 69' lang='lat' dir='ltr'><strong>mortuum,</strong></span> 
     </span>
     <span class='ocr_line' id='line_1_27' title="bbox 148 3080 1500 3163; baseline 0.001 -25"><span class='ocrx_word' id='word_1_268' title='bbox 148 3081 290 3140; x_wconf 87' lang='lat' dir='ltr'><strong>amissum</strong></span> <span class='ocrx_word' id='word_1_269' title='bbox 314 3084 512 3163; x_wconf 73' lang='lat' dir='ltr'><strong>Eurysacen,</strong></span> <span class='ocrx_word' id='word_1_270' title='bbox 535 3084 610 3148; x_wconf 85' lang='lat' dir='ltr'><strong>haec</strong></span> <span class='ocrx_word' id='word_1_271' title='bbox 633 3092 812 3162; x_wconf 89' lang='lat' dir='ltr'><strong>sequuntur:</strong></span> <span class='ocrx_word' id='word_1_272' title='bbox 838 3084 879 3141; x_wconf 83' lang='lat' dir='ltr'><strong>‘in</strong></span> <span class='ocrx_word' id='word_1_273' title='bbox 903 3080 960 3141; x_wconf 88' lang='lat' dir='ltr'><strong>hoe</strong></span> <span class='ocrx_word' id='word_1_274' title='bbox 993 3100 1103 3160; x_wconf 81' lang='lat' dir='ltr'><strong>genere</strong></span> <span class='ocrx_word' id='word_1_275' title='bbox 1139 3100 1230 3159; x_wconf 88' lang='lat' dir='ltr'><strong>saepe</strong></span> <span class='ocrx_word' id='word_1_276' title='bbox 1262 3081 1331 3159; x_wconf 26' lang='lat' dir='ltr'><strong>ipse·</strong></span> <span class='ocrx_word' id='word_1_277' title='bbox 1361 3082 1434 3157; x_wconf 86' lang='lat' dir='ltr'><strong>vidi,</strong></span> <span class='ocrx_word' id='word_1_278' title='bbox 1466 3092 1500 3139; x_wconf 92' lang='lat' dir='ltr'><strong>ut</strong></span> 
     </span>
     <span class='ocr_line' id='line_1_28' title="bbox 148 3185 1498 3265; baseline -0.002 -20"><span class='ocrx_word' id='word_1_279' title='bbox 148 3206 186 3245; x_wconf 88' lang='lat' dir='ltr'><strong>ex</strong></span> <span class='ocrx_word' id='word_1_280' title='bbox 209 3206 339 3265; x_wconf 84' lang='lat' dir='ltr'><strong>persona</strong></span> <span class='ocrx_word' id='word_1_281' title='bbox 360 3188 434 3247; x_wconf 89' lang='lat' dir='ltr'><strong>mihi</strong></span> <span class='ocrx_word' id='word_1_282' title='bbox 458 3188 562 3247; x_wconf 88' lang='lat' dir='ltr'><strong>ardere</strong></span> <span class='ocrx_word' id='word_1_283' title='bbox 585 3190 670 3248; x_wconf 88' lang='lat' dir='ltr'><strong>oculi</strong></span> <span class='ocrx_word' id='word_1_284' title='bbox 697 3188 825 3248; x_wconf 86' lang='lat' dir='ltr'><strong>hominis</strong></span> <span class='ocrx_word' id='word_1_285' title='bbox 858 3187 1009 3246; x_wconf 88' lang='lat' dir='ltr'><strong>histrionis</strong></span> <span class='ocrx_word' id='word_1_286' title='bbox 1041 3185 1218 3245; x_wconf 86' lang='lat' dir='ltr'><strong>viderentur</strong></span> <span class='ocrx_word' id='word_1_287' title='bbox 1241 3195 1274 3243; x_wconf 90' lang='lat' dir='ltr'><strong>ut</strong></span> <span class='ocrx_word' id='word_1_288' title='bbox 1305 3206 1358 3244; x_wconf 90' lang='lat' dir='ltr'><strong>sua</strong></span> <span class='ocrx_word' id='word_1_289' title='bbox 1390 3195 1498 3264; x_wconf 89' lang='lat' dir='ltr'><strong>sponte</strong></span> 
     </span>
     <span class='ocr_line' id='line_1_29' title="bbox 147 3290 412 3354; baseline 0.015 -6"><span class='ocrx_word' id='word_1_290' title='bbox 147 3290 249 3349; x_wconf 87' lang='lat' dir='ltr'><strong>aliena</strong></span> <span class='ocrx_word' id='word_1_291' title='bbox 272 3291 412 3354; x_wconf 86' lang='lat' dir='ltr'><strong>dicentis:</strong></span> 
     </span>
    </p>
   </div>
   <div class='ocr_carea' id='block_1_5' title="bbox 325 3409 1266 3569">
    <p class='ocr_par' dir='ltr' id='par_1_6' title="bbox 325 3409 1266 3569">
     <span class='ocr_line' id='line_1_30' title="bbox 356 3409 1266 3481; baseline -0.002 -16"><span class='ocrx_word' id='word_1_292' title='bbox 356 3413 497 3481; x_wconf 73' lang='lat' dir='ltr'><strong>adgregare</strong></span> <span class='ocrx_word' id='word_1_293' title='bbox 516 3415 609 3466; x_wconf 85' lang='lat' dir='ltr'><strong>abste</strong></span> <span class='ocrx_word' id='word_1_294' title='bbox 628 3414 730 3466; x_wconf 78' lang='lat' dir='ltr'><strong>adsus’s</strong></span> <span class='ocrx_word' id='word_1_295' title='bbox 748 3423 797 3463; x_wconf 85' lang='lat' dir='ltr'><strong>aut</strong></span> <span class='ocrx_word' id='word_1_296' title='bbox 814 3414 872 3464; x_wconf 83' lang='lat' dir='ltr'><strong>sine</strong></span> <span class='ocrx_word' id='word_1_297' title='bbox 889 3411 938 3463; x_wconf 86' lang='lat' dir='ltr'><strong>illo</strong></span> <span class='ocrx_word' id='word_1_298' title='bbox 958 3412 1125 3463; x_wconf 79' lang='lat' dir='ltr'><strong>Salaminam</strong></span> <span class='ocrx_word' id='word_1_299' title='bbox 1150 3409 1266 3477; x_wconf 81' lang='lat' dir='ltr'><strong>ingredi,</strong></span> 
     </span>
     <span class='ocr_line' id='line_1_31' title="bbox 325 3500 980 3569; baseline -0.005 -16"><span class='ocrx_word' id='word_1_300' title='bbox 325 3508 329 3513; x_wconf 82' lang='grc'><strong>’</strong></span> <span class='ocrx_word' id='word_1_301' title='bbox 356 3502 444 3569; x_wconf 70' lang='lat' dir='ltr'><strong>neque</strong></span> <span class='ocrx_word' id='word_1_302' title='bbox 461 3509 602 3568; x_wconf 84' lang='lat' dir='ltr'><strong>paternum</strong></span> <span class='ocrx_word' id='word_1_303' title='bbox 621 3500 758 3567; x_wconf 73' lang='lat' dir='ltr'><strong>aspectum</strong></span> <span class='ocrx_word' id='word_1_304' title='bbox 778 3516 806 3552; x_wconf 82' lang='lat' dir='ltr'><strong>es</strong></span> <span class='ocrx_word' id='word_1_305' title='bbox 825 3503 929 3551; x_wconf 83' lang='lat' dir='ltr'><strong>ueritus</strong></span> <span class='ocrx_word' id='word_1_306' title='bbox 947 3527 980 3538; x_wconf 96' lang='lat'>-</span> 
     </span>
    </p>
   </div>
   <div class='ocr_carea' id='block_1_6' title="bbox 148 3642 1500 3827">
    <p class='ocr_par' dir='ltr' id='par_1_7' title="bbox 148 3642 1500 3827">
     <span class='ocr_line' id='line_1_32' title="bbox 150 3642 1500 3727; baseline -0.003 -22"><span class='ocrx_word' id='word_1_307' title='bbox 150 3668 317 3727; x_wconf 88' lang='lat' dir='ltr'><strong>numquam</strong></span> <span class='ocrx_word' id='word_1_308' title='bbox 350 3647 434 3706; x_wconf 92' lang='lat' dir='ltr'><strong>illum</strong></span> <span class='ocrx_word' id='word_1_309' title='bbox 465 3654 620 3726; x_wconf 88' lang='lat' dir='ltr'><strong>aspectum</strong></span> <span class='ocrx_word' id='word_1_310' title='bbox 652 3642 782 3719; x_wconf 87' lang='lat' dir='ltr'><strong>dicebat,</strong></span> <span class='ocrx_word' id='word_1_311' title='bbox 807 3645 881 3725; x_wconf 89' lang='lat' dir='ltr'><strong>quin</strong></span> <span class='ocrx_word' id='word_1_312' title='bbox 914 3644 987 3703; x_wconf 90' lang='lat' dir='ltr'><strong>mihi</strong></span> <span class='ocrx_word' id='word_1_313' title='bbox 1010 3644 1138 3703; x_wconf 79' lang='lat' dir='ltr'><strong>Telamo</strong></span> <span class='ocrx_word' id='word_1_314' title='bbox 1166 3644 1263 3703; x_wconf 86' lang='lat' dir='ltr'><strong>iratus</strong></span> <span class='ocrx_word' id='word_1_315' title='bbox 1287 3646 1387 3703; x_wconf 86' lang='lat' dir='ltr'><strong>furere</strong></span> <span class='ocrx_word' id='word_1_316' title='bbox 1419 3642 1500 3701; x_wconf 84' lang='lat' dir='ltr'><strong>luctu</strong></span> 
     </span>
     <span class='ocr_line' id='line_1_33' title="bbox 148 3748 1213 3827; baseline -0.003 -17"><span class='ocrx_word' id='word_1_317' title='bbox 148 3752 204 3810; x_wconf 90' lang='lat' dir='ltr'><strong>filii</strong></span> <span class='ocrx_word' id='word_1_318' title='bbox 227 3752 394 3827; x_wconf 79' lang='lat' dir='ltr'><strong>videretur3</strong></span> <span class='ocrx_word' id='word_1_319' title='bbox 418 3761 452 3811; x_wconf 89' lang='lat' dir='ltr'><strong>ut</strong></span> <span class='ocrx_word' id='word_1_320' title='bbox 474 3750 553 3811; x_wconf 90' lang='lat' dir='ltr'><strong>idern</strong></span> <span class='ocrx_word' id='word_1_321' title='bbox 576 3748 687 3810; x_wconf 84' lang='lat' dir='ltr'><strong>inflexa</strong></span> <span class='ocrx_word' id='word_1_322' title='bbox 710 3750 747 3809; x_wconf 91' lang='lat' dir='ltr'><strong>ad</strong></span> <span class='ocrx_word' id='word_1_323' title='bbox 771 3748 973 3827; x_wconf 81' lang='lat' dir='ltr'><strong>miserabilem</strong></span> <span class='ocrx_word' id='word_1_324' title='bbox 994 3770 1103 3809; x_wconf 86' lang='lat' dir='ltr'><strong>sonum</strong></span> <span class='ocrx_word' id='word_1_325' title='bbox 1125 3768 1213 3808; x_wconf 86' lang='lat' dir='ltr'><strong>voce:</strong></span> 
     </span>
    </p>
   </div>
   <div class='ocr_carea' id='block_1_7' title="bbox 358 3884 1344 4133">
    <p class='ocr_par' dir='ltr' id='par_1_8' title="bbox 358 3884 1344 4133">
     <span class='ocr_line' id='line_1_34' title="bbox 743 3884 1182 3955; baseline -0.005 -15"><span class='ocrx_word' id='word_1_326' title='bbox 743 3904 823 3955; x_wconf 88' lang='lat' dir='ltr'><strong>quom</strong></span> <span class='ocrx_word' id='word_1_327' title='bbox 842 3886 932 3941; x_wconf 68' lang='lat' dir='ltr'><strong>astate</strong></span> <span class='ocrx_word' id='word_1_328' title='bbox 951 3894 1045 3940; x_wconf 83' lang='lat' dir='ltr'><strong>exacta</strong></span> <span class='ocrx_word' id='word_1_329' title='bbox 1061 3884 1182 3954; x_wconf 82' lang='lat' dir='ltr'><strong>indigem</strong></span> 
     </span>
     <span class='ocr_line' id='line_1_35' title="bbox 359 3972 1181 4041; baseline -0.004 -14"><span class='ocrx_word' id='word_1_330' title='bbox 359 3976 472 4028; x_wconf 84' lang='lat' dir='ltr'><strong>liborum</strong></span> <span class='ocrx_word' id='word_1_331' title='bbox 491 3974 615 4029; x_wconf 74' lang='lat' dir='ltr'><strong>iscarioti</strong></span> <span class='ocrx_word' id='word_1_332' title='bbox 632 3977 734 4028; x_wconf 86' lang='lat' dir='ltr'><strong>orbasti</strong></span> <span class='ocrx_word' id='word_1_333' title='bbox 753 3972 873 4040; x_wconf 82' lang='lat' dir='ltr'><strong>extinxti,</strong></span> <span class='ocrx_word' id='word_1_334' title='bbox 892 3992 981 4041; x_wconf 85' lang='lat' dir='ltr'><strong>neque</strong></span> <span class='ocrx_word' id='word_1_335' title='bbox 999 3973 1088 4027; x_wconf 82' lang='lat' dir='ltr'><strong>lratrls</strong></span> <span class='ocrx_word' id='word_1_336' title='bbox 1106 3975 1181 4027; x_wconf 89' lang='lat' dir='ltr'><strong>necis</strong></span> 
     </span>
     <span class='ocr_line' id='line_1_36' title="bbox 358 4059 1344 4133; baseline -0.008 -17"><span class='ocrx_word' id='word_1_337' title='bbox 358 4064 445 4133; x_wconf 67' lang='lat' dir='ltr'><strong>noque</strong></span> <span class='ocrx_word' id='word_1_338' title='bbox 463 4068 526 4117; x_wconf 82' lang='lat' dir='ltr'><strong>eius</strong></span> <span class='ocrx_word' id='word_1_339' title='bbox 540 4066 614 4132; x_wconf 75' lang='lat' dir='ltr'><strong>gnati</strong></span> <span class='ocrx_word' id='word_1_340' title='bbox 631 4061 718 4131; x_wconf 66' lang='lat' dir='ltr'><strong>parui,</strong></span> <span class='ocrx_word' id='word_1_341' title='bbox 736 4065 783 4130; x_wconf 90' lang='lat' dir='ltr'><strong>qui</strong></span> <span class='ocrx_word' id='word_1_342' title='bbox 801 4063 849 4113; x_wconf 86' lang='lat' dir='ltr'><strong>tibi</strong></span> <span class='ocrx_word' id='word_1_343' title='bbox 868 4060 897 4113; x_wconf 90' lang='lat' dir='ltr'><strong>in</strong></span> <span class='ocrx_word' id='word_1_344' title='bbox 915 4060 1026 4113; x_wconf 85' lang='lat' dir='ltr'><strong>tutelam</strong></span> <span class='ocrx_word' id='word_1_345' title='bbox 1046 4068 1086 4114; x_wconf 84' lang='lat' dir='ltr'><strong>est</strong></span> <span class='ocrx_word' id='word_1_346' title='bbox 1104 4059 1219 4113; x_wconf 70' lang='lat' dir='ltr'><strong>traditus</strong></span> <span class='ocrx_word' id='word_1_347' title='bbox 1238 4059 1281 4127; x_wconf 84' lang='lat' dir='ltr'><strong>(ir.</strong></span> <span class='ocrx_word' id='word_1_348' title='bbox 1302 4059 1344 4125; x_wconf 78' lang='lat'><strong>12)</strong></span> 
     </span>
    </p>
   </div>
   <div class='ocr_carea' id='block_1_8' title="bbox 150 4185 1508 4480">
    <p class='ocr_par' dir='ltr' id='par_1_9' title="bbox 150 4185 1508 4480">
     <span class='ocr_line' id='line_1_37' title="bbox 151 4185 1504 4275; baseline -0.007 -23"><span class='ocrx_word' id='word_1_349' title='bbox 151 4191 226 4253; x_wconf 88' lang='lat' dir='ltr'><strong>flens</strong></span> <span class='ocrx_word' id='word_1_350' title='bbox 242 4212 278 4275; x_wconf 74' lang='lat' dir='ltr'><strong>ac</strong></span> <span class='ocrx_word' id='word_1_351' title='bbox 292 4193 400 4271; x_wconf 80' lang='lat' dir='ltr'><strong>lugens</strong></span> <span class='ocrx_word' id='word_1_352' title='bbox 416 4190 514 4251; x_wconf 88' lang='lat' dir='ltr'><strong>dicere</strong></span> <span class='ocrx_word' id='word_1_353' title='bbox 529 4188 697 4252; x_wconf 86' lang='lat' dir='ltr'><strong>videbatur.</strong></span> <span class='ocrx_word' id='word_1_354' title='bbox 722 4209 800 4270; x_wconf 89' lang='lat' dir='ltr'><strong>quae</strong></span> <span class='ocrx_word' id='word_1_355' title='bbox 815 4190 842 4248; x_wconf 87' lang='lat' dir='ltr'><strong>si</strong></span> <span class='ocrx_word' id='word_1_356' title='bbox 858 4188 911 4248; x_wconf 90' lang='lat' dir='ltr'><strong>illo</strong></span> <span class='ocrx_word' id='word_1_357' title='bbox 926 4188 1039 4261; x_wconf 87' lang='lat' dir='ltr'><strong>histrio,</strong></span> <span class='ocrx_word' id='word_1_358' title='bbox 1057 4185 1167 4247; x_wconf 86' lang='lat' dir='ltr'><strong>cotidie</strong></span> <span class='ocrx_word' id='word_1_359' title='bbox 1184 4205 1249 4245; x_wconf 91' lang='lat' dir='ltr'><strong>curn</strong></span> <span class='ocrx_word' id='word_1_360' title='bbox 1267 4192 1378 4265; x_wconf 86' lang='lat' dir='ltr'><strong>ageret,</strong></span> <span class='ocrx_word' id='word_1_361' title='bbox 1402 4192 1504 4244; x_wconf 88' lang='lat' dir='ltr'><strong>tamon</strong></span> 
     </span>
     <span class='ocr_line' id='line_1_38' title="bbox 150 4287 1506 4377; baseline -0.007 -20"><span class='ocrx_word' id='word_1_362' title='bbox 150 4308 232 4359; x_wconf 89' lang='lat' dir='ltr'><strong>recte</strong></span> <span class='ocrx_word' id='word_1_363' title='bbox 255 4318 344 4377; x_wconf 78' lang='lat' dir='ltr'><strong>agere</strong></span> <span class='ocrx_word' id='word_1_364' title='bbox 366 4299 433 4357; x_wconf 85' lang='lat' dir='ltr'><strong>sine</strong></span> <span class='ocrx_word' id='word_1_365' title='bbox 456 4295 558 4358; x_wconf 90' lang='lat' dir='ltr'><strong>dolore</strong></span> <span class='ocrx_word' id='word_1_366' title='bbox 574 4316 634 4355; x_wconf 90' lang='lat' dir='ltr'><strong>non</strong></span> <span class='ocrx_word' id='word_1_367' title='bbox 648 4303 778 4375; x_wconf 88' lang='lat' dir='ltr'><strong>poterat,</strong></span> <span class='ocrx_word' id='word_1_368' title='bbox 803 4293 876 4375; x_wconf 87' lang='lat' dir='ltr'><strong>quid</strong></span> <span class='ocrx_word' id='word_1_369' title='bbox 899 4292 1066 4353; x_wconf 88' lang='lat' dir='ltr'><strong>Pacuvium</strong></span> <span class='ocrx_word' id='word_1_370' title='bbox 1094 4291 1208 4373; x_wconf 88' lang='lat' dir='ltr'><strong>putatis</strong></span> <span class='ocrx_word' id='word_1_371' title='bbox 1224 4290 1255 4351; x_wconf 88' lang='lat' dir='ltr'><strong>in</strong></span> <span class='ocrx_word' id='word_1_372' title='bbox 1271 4287 1428 4349; x_wconf 88' lang='lat' dir='ltr'><strong>scribendo</strong></span> <span class='ocrx_word' id='word_1_373' title='bbox 1443 4288 1506 4348; x_wconf 89' lang='lat' dir='ltr'><strong>loni</strong></span> 
     </span>
     <span class='ocr_line' id='line_1_39' title="bbox 152 4392 1508 4480; baseline -0.008 -17"><span class='ocrx_word' id='word_1_374' title='bbox 152 4404 253 4463; x_wconf 89' lang='lat' dir='ltr'><strong>animo</strong></span> <span class='ocrx_word' id='word_1_375' title='bbox 276 4422 312 4463; x_wconf 89' lang='lat' dir='ltr'><strong>ac</strong></span> <span class='ocrx_word' id='word_1_376' title='bbox 333 4403 457 4463; x_wconf 86' lang='lat' dir='ltr'><strong>remisso</strong></span> <span class='ocrx_word' id='word_1_377' title='bbox 473 4400 594 4462; x_wconf 79' lang='lat' dir='ltr'><strong>fuissel’</strong></span> <span class='ocrx_word' id='word_1_378' title='bbox 614 4399 782 4480; x_wconf 89' lang='lat' dir='ltr'><strong>eodemque</strong></span> <span class='ocrx_word' id='word_1_379' title='bbox 796 4399 864 4461; x_wconf 88' lang='lat' dir='ltr'><strong>loco</strong></span> <span class='ocrx_word' id='word_1_380' title='bbox 880 4399 973 4459; x_wconf 89' lang='lat' dir='ltr'><strong>utitur</strong></span> <span class='ocrx_word' id='word_1_381' title='bbox 988 4399 1026 4458; x_wconf 89' lang='lat' dir='ltr'><strong>de</strong></span> <span class='ocrx_word' id='word_1_382' title='bbox 1041 4418 1083 4460; x_wconf 89' lang='lat' dir='ltr'><strong>or.</strong></span> <span class='ocrx_word' id='word_1_383' title='bbox 1100 4395 1151 4455; x_wconf 88' lang='lat' dir='ltr'><strong>III</strong></span> <span class='ocrx_word' id='word_1_384' title='bbox 1169 4395 1219 4469; x_wconf 85' lang='lat'><strong>58,</strong></span> <span class='ocrx_word' id='word_1_385' title='bbox 1238 4397 1300 4455; x_wconf 75' lang='lat'><strong>217</strong></span> <span class='ocrx_word' id='word_1_386' title='bbox 1318 4392 1450 4465; x_wconf 78' lang='lat' dir='ltr'><strong>Crassus,</strong></span> <span class='ocrx_word' id='word_1_387' title='bbox 1475 4403 1508 4453; x_wconf 88' lang='lat' dir='ltr'><strong>ut</strong></span> 
     </span>
    </p>
   </div>
   <div class='ocr_carea' id='block_1_9' title="bbox 152 4499 1508 4653">
    <p class='ocr_par' dir='ltr' id='par_1_10' title="bbox 152 4499 1508 4653">
     <span class='ocr_line' id='line_1_40' title="bbox 152 4499 1508 4589; baseline -0.007 -21"><span class='ocrx_word' id='word_1_388' title='bbox 152 4509 204 4589; x_wconf 90' lang='lat' dir='ltr'><strong>qui</strong></span> <span class='ocrx_word' id='word_1_389' title='bbox 219 4506 414 4589; x_wconf 69' lang='lat' dir='ltr'><strong>proferendus</strong></span> <span class='ocrx_word' id='word_1_390' title='bbox 431 4508 469 4567; x_wconf 91' lang='lat' dir='ltr'><strong>sit</strong></span> <span class='ocrx_word' id='word_1_391' title='bbox 486 4525 520 4566; x_wconf 88' lang='lat' dir='ltr'><strong>eo</strong></span> <span class='ocrx_word' id='word_1_392' title='bbox 537 4509 617 4567; x_wconf 86' lang='lat' dir='ltr'><strong>vocis</strong></span> <span class='ocrx_word' id='word_1_393' title='bbox 632 4525 745 4585; x_wconf 84' lang='lat' dir='ltr'><strong>genere</strong></span> <span class='ocrx_word' id='word_1_394' title='bbox 766 4502 845 4585; x_wconf 87' lang='lat' dir='ltr'><strong>quod</strong></span> <span class='ocrx_word' id='word_1_395' title='bbox 867 4501 1023 4563; x_wconf 85' lang='lat' dir='ltr'><strong>iracundia</strong></span> <span class='ocrx_word' id='word_1_396' title='bbox 1038 4501 1095 4563; x_wconf 90' lang='lat' dir='ltr'><strong>sibi</strong></span> <span class='ocrx_word' id='word_1_397' title='bbox 1111 4508 1221 4562; x_wconf 88' lang='lat' dir='ltr'><strong>sumat:</strong></span> <span class='ocrx_word' id='word_1_398' title='bbox 1247 4506 1354 4572; x_wconf 69' lang='lat' dir='ltr'><strong>‘acuta</strong></span> <span class='ocrx_word' id='word_1_399' title='bbox 1375 4499 1508 4572; x_wconf 82' lang='lat' dir='ltr'><strong>incitato,</strong></span> 
     </span>
     <span class='ocr_line' id='line_1_41' title="bbox 196 4604 1387 4653; baseline -0.008 -11"><span class='ocrx_word' id='word_1_400' title='bbox 196 4608 250 4644; x_wconf 80' lang='lat' dir='ltr'><strong>Dlu.</strong></span> <span class='ocrx_word' id='word_1_401' title='bbox 262 4606 312 4652; x_wconf 78' lang='lat' dir='ltr'><strong>pltll.</strong></span> <span class='ocrx_word' id='word_1_402' title='bbox 324 4607 383 4642; x_wconf 76' lang='lat' dir='ltr'><strong>vind.</strong></span> <span class='ocrx_word' id='word_1_403' title='bbox 396 4608 413 4643; x_wconf 81' lang='lat' dir='ltr'><strong>t.</strong></span> <span class='ocrx_word' id='word_1_404' title='bbox 1355 4604 1387 4653; x_wconf 73' lang='lat'><strong>19</strong></span> 
     </span>
    </p>
   </div>
   <div class='ocr_carea' id='block_1_10' title="bbox 0 0 1676 5059">
    <p class='ocr_par' dir='ltr' id='par_1_11' title="bbox 0 0 1676 5059">
     <span class='ocr_line' id='line_1_42' title="bbox 0 0 1676 5059; baseline 0 0"><span class='ocrx_word' id='word_1_405' title='bbox 0 0 1676 5059; x_wconf 95' lang='lat' dir='ltr'><strong> </strong></span> 
     </span>
    </p>
   </div>
  </div>
 </body>
</html>
