3300 5059
1410 239 1472 298 259

129 447 188 507 quo
213 427 329 484 Ennius
352 423 386 485 O.
411 425 546 505 Sulpicia
576 424 667 486 Gallo
699 436 839 507 praetore
867 426 955 487 ludos
978 427 1118 508 Apollini
1156 428 1284 488 faciente
1306 428 1474 509 Thyestem

123 533 257 592 fabulam
289 530 435 591 docuerit.
469 530 550 611 quod
582 551 654 592 vero
687 528 792 592 Cicero
820 533 912 593 Tusc.
942 533 958 591 I
991 530 1042 605 15,
1077 534 1118 592 34
1151 532 1243 592 Ennii
1277 534 1471 614 epigramma,

124 637 206 718 quod
228 637 258 695 in
283 636 346 696 eius
370 637 512 718 sepulcro
535 636 718 717 insculptum
740 637 833 697 fuisse
856 637 975 711 dicitur,
1000 636 1110 699 adfert:

437 759 568 823 ‘aspicite
587 774 603 809 o
622 760 704 822 cives,
723 759 794 809 senis
813 758 885 809 Enni
903 758 1027 825 imaginis
1046 758 1167 823 formam,

469 845 513 896 hie
530 849 648 897 vestrum
667 845 761 913 panxit
779 846 894 897 maxima
911 845 983 897 taeta
1000 845 1122 912 patrum',

126 952 190 1026 hoc,
215 960 249 1011 ut
271 954 368 1013 multa
390 953 451 1012 alia
483 952 515 1011 id
538 973 633 1031 genus
667 953 766 1033 elogia
796 973 856 1013 non
891 952 1039 1033 prodiisse
1063 952 1100 1012 ab
1120 953 1214 1033 ipsius
1237 962 1346 1033 poetae
1370 970 1470 1028 manu,

124 1056 178 1117 sed
201 1078 220 1117 a
243 1058 456 1136 grammaticis,
481 1079 556 1139 quos
579 1058 703 1139 quidem
724 1057 772 1118 bis
794 1058 978 1139 temporibus
1001 1058 1061 1117 iam
1077 1076 1138 1117 non
1161 1059 1309 1133 novimus,
1333 1058 1472 1119 carmini·

123 1162 179 1223 bus
201 1162 291 1223 editis
313 1165 478 1245 praefixum
502 1184 567 1225 esse
591 1162 629 1227 0.
652 1162 736 1224 Jahn
759 1163 864 1223 Herm.
887 1162 921 1222 11
944 1166 1006 1223 242
1030 1184 1076 1243 sq.
1101 1158 1271 1246 ostendit.¹)

228 1268 315 1329 Haec
347 1278 426 1342 sunt,
450 1290 528 1350 quas
560 1269 599 1329 de
632 1270 726 1328 Ennii
757 1268 822 1329 vita
850 1276 880 1329 et
910 1276 1047 1348 tempere
1080 1288 1119 1327 ex
1150 1266 1236 1328 libris
1263 1266 1472 1329 Ciceronianis

124 1390 281 1453 possumus
325 1374 451 1455 adsequi
479 1408 523 1419 —
549 1373 632 1433 haud
657 1374 776 1433 infirma
812 1393 886 1433 sane
913 1372 1006 1434 studii
1030 1373 1166 1433 acerrimi
1195 1372 1382 1453 documenta,
1414 1392 1473 1453 quo

123 1474 230 1538 Cicero
253 1487 374 1560 poetam
397 1479 482 1538 illum
506 1478 663 1559 amplexus
691 1488 746 1554 est,
779 1479 863 1539 cuius
896 1478 987 1538 studii
1015 1479 1128 1539 fructus
1155 1478 1255 1540 lacere
1286 1499 1347 1539 non
1374 1478 1474 1559 potuit

123 1584 196 1661 quin
218 1583 268 1642 bic
289 1584 352 1643 illic
374 1583 559 1663 digressione
580 1586 661 1644 facta
683 1585 790 1645 latiore
813 1604 884 1645 usus
913 1585 1048 1643 oratione
1080 1592 1275 1663 proponeret,
1307 1582 1403 1642 veluti
1436 1582 1473 1641 de

124 1709 187 1751 sen.
212 1689 242 1774 b,
269 1692 307 1749 14
331 1689 382 1749 vel
401 1691 488 1752 Brut.
514 1693 563 1763 18,
587 1692 639 1763 72,
672 1689 724 1749 ubi
747 1691 814 1769 ipse
838 1709 914 1769 quae
943 1689 1065 1748 uberius
1093 1689 1210 1748 locutus
1233 1696 1298 1748 erat
1320 1687 1358 1747 de
1380 1688 1472 1745 Ennii

122 1802 232 1868 astate,
261 1797 361 1855 minus
394 1803 466 1875 apta
496 1793 594 1853 videri
625 1796 669 1853 ait
699 1795 754 1855 toti
786 1795 916 1854 sermoni
948 1795 1073 1873 eiusque
1096 1794 1140 1852 rei
1169 1794 1391 1853 excusationem
1415 1790 1473 1852 sibi

123 1899 373 1980 interponendam
397 1919 463 1959 esse
485 1907 582 1979 putat.

227 2002 287 2064 Sed
319 2013 352 2064 ut
377 2005 438 2063 iam
461 2003 499 2062 ad
530 2004 645 2063 maiora
667 2001 906 2083 progrediamur,
944 2003 1020 2063 haec
1037 2001 1137 2083 nobis
1170 2004 1298 2063 occurrit
1336 2003 1471 2084 quaestio

123 2107 323 2188 expedienda,
347 2117 447 2169 utrum
469 2106 575 2169 Oicero
599 2106 637 2167 de
659 2108 751 2168 Ennii
774 2106 923 2187 dignitate
946 2116 1026 2167 recte
1049 2105 1229 2167 iudicaverit
1250 2126 1355 2168 necne.
1380 2118 1471 2189 utque

71 2242 76 2247 ·
124 2232 216 2291 quam
239 2232 384 2272 summam
407 2214 500 2272 Ennii
521 2212 643 2273 laudem
667 2213 799 2273 omnium
821 2220 990 2293 temporum
1013 2212 1071 2271 viri
1094 2211 1174 2271 ducti
1198 2211 1357 2287 duxerunt,
1392 2212 1471 2272 hanc

124 2316 215 2375 etiam
238 2314 342 2377 Cicero
381 2318 596 2399 amplissimam
629 2319 657 2378 ei
690 2316 804 2392 tribuit,
844 2338 1027 2397 quamquem
1058 2336 1113 2377 sua
1146 2325 1243 2377 aetate
1270 2318 1323 2378 vix
1353 2318 1473 2398 penitus

122 2422 222 2501 potuit
242 2422 422 2503 perspicere,
448 2431 593 2503 quantum
613 2444 646 2483 re
668 2443 742 2483 vera
765 2422 804 2481 de
825 2424 930 2501 lingua
946 2423 1056 2482 Latina
1078 2421 1135 2482 sibi
1163 2425 1331 2503 peperisset
1353 2423 1471 2482 Ennius

123 2528 262 2586 meritum
295 2546 330 2587 eo
363 2528 442 2608 quod
466 2530 497 2588 in
520 2530 637 2589 litteras
657 2528 784 2587 Latinas
807 2526 928 2587 induxit
950 2548 1070 2588 versum
1088 2526 1335 2612 hexametrum.²)
1371 2536 1472 2588 tamen

124 2628 227 2692 Cicero
255 2632 350 2712 probe
371 2634 501 2693 sensisse
523 2632 652 2706 videtur,
678 2641 824 2713 quantum
857 2632 913 2693 bac
944 2652 977 2692 re
1010 2633 1127 2692 Ennius
1149 2633 1328 2712 profecisset
1349 2634 1381 2691 in
1406 2652 1470 2692 eer-

125 2735 255 2796 minibus
287 2737 400 2797 maiore
423 2757 490 2796 eum
514 2746 578 2797 arte
602 2736 816 2818 componendis
840 2746 870 2797 et
892 2736 1097 2817 perpoliendis
1121 2757 1212 2817 quam
1235 2738 1288 2817 qui
1311 2745 1381 2797 ante
1405 2757 1472 2797 eum

123 2841 171 2900 usi
194 2850 280 2901 erant
312 2861 402 2901 versu
434 2841 585 2923 Saturnio,
617 2843 691 2901 satis
717 2842 771 2901 illo
799 2839 923 2921 quidem
949 2840 1111 2903 incondito.
1135 2843 1238 2922 itaque
1266 2861 1345 2922 quae
1372 2840 1410 2902 de
1439 2860 1472 2901 se

121 2947 241 3007 Ennius
264 2948 329 3028 ipse
352 2968 419 3007 cum
435 2946 635 3007 ostentatione
656 2945 785 3026 quadem
801 2948 977 3020 lactaverat,
1002 2944 1107 3006 Cicero
1123 2947 1243 3027 saepius
1256 2953 1473 3019 commemorat

122 3054 176 3127 ita,
199 3060 235 3111 ut
255 3052 302 3111 illi
327 3052 419 3132 plane
449 3051 644 3112 adsentiatur.
669 3052 756 3111 Bruti
784 3052 907 3132 quidem
929 3052 996 3111 loco
1022 3053 1072 3127 18,
1097 3052 1148 3126 71,
1177 3050 1229 3111 ubi
1266 3070 1371 3111 versus
1393 3051 1471 3127 illos,

121 3178 197 3238 quos
222 3158 338 3237 antiqui
352 3167 463 3237 poetae
485 3156 687 3237 adhibuerint,
710 3157 771 3216 iam
794 3156 848 3216 diu
871 3156 1029 3217 evanuisse
1061 3154 1143 3231 dicit,
1167 3155 1214 3216 bis
1238 3157 1331 3216 utitur
1353 3155 1469 3217 verbis:

121 3262 215 3344 ‘quid,
248 3263 342 3322 nostri
367 3272 484 3324 veteres
507 3284 622 3343 versus,
645 3261 698 3323 ubi
720 3261 810 3322 sunt?

542 3401 609 3451 quos
628 3385 691 3435 olim
711 3384 788 3435 fauni
806 3388 935 3449 vatesque
954 3366 1095 3445 canebant,

331 3488 392 3524 cum
410 3488 498 3537 neque
516 3473 653 3523 Musarum
671 3472 798 3538 scopulos
816 3473 929 3537 quisque
947 3476 1096 3537 superarat,

329 3576 379 3609 nec
398 3560 483 3611 doctis
502 3560 578 3610 dictis
596 3561 731 3612 studiosus
750 3562 893 3627 quisquam
913 3564 970 3609 erat
988 3563 1051 3609 ante
1071 3557 1143 3607 hunc
1161 3555 1243 3624 (dnn.
1261 3560 1312 3610 226
1331 3574 1388 3625 sqq.
1406 3556 1455 3624 Μ.)

120 3685 163 3742 ait
181 3684 248 3764 ipse
264 3684 302 3744 de
318 3706 360 3765 se,
383 3706 440 3745 nec
462 3686 605 3746 mentitur
626 3688 659 3746 in
682 3686 856 3767 gloriando;
880 3688 922 3746 sic
946 3687 1025 3746 enim
1049 3705 1115 3746 sese
1138 3704 1185 3744 ros
1207 3680 1318 3744 habet!
1338 3685 1473 3765 sequitur

119 3786 197 3848 illud
236 3789 317 3869 quod
361 3810 452 3871 supra
490 3792 788 3851 commemoravimus
812 3790 849 3850 de
885 3789 1017 3871 Odyssia
1040 3790 1197 3851 indicium.
1223 3797 1314 3870 atque
1339 3788 1392 3853 Or.
1418 3791 1469 3861 51,

124 3892 187 3952 170
210 3901 365 3974 tamquam
390 3895 518 3955 alterum
541 3896 675 3955 Ennium
698 3915 764 3955 sese
787 3895 959 3975 praedicat:
984 3895 1109 3955 eandem
1143 3895 1222 3956 enim
1246 3892 1302 3953 sibi
1337 3892 1472 3952 vindicat

121 3998 153 4055 in
179 3997 316 4058 oratione
337 3998 471 4079 pedestri
503 4000 641 4079 gloriam,
666 4020 757 4080 quam
780 4002 811 4059 in
835 4001 918 4079 poesi
942 4001 1059 4060 Ennius
1093 3999 1151 4061 sibi
1174 4006 1336 4079 paraverat
1368 3997 1472 4077 lingua

119 4104 235 4163 Latina
258 4105 418 4189 adversus
439 4105 608 4166 hexametri
632 4106 716 4185 leges
739 4105 975 4166 adcommodata.
1000 4107 1111 4166 etenim
1127 4112 1287 4184 utrumque
1303 4100 1472 4163 elaborasse

227 4368 246 4432 ¹)
266 4368 307 4421 uf.
326 4370 357 4419 L.
376 4367 490 4419 Mueller
507 4368 539 4431 Q.
558 4368 663 4418 Ennius
681 4383 707 4432 p.
727 4368 778 4418 247
796 4383 835 4432 sq.

225 4453 247 4521 ²)
266 4456 307 4507 Gt.
326 4458 357 4507 L.
376 4456 499 4520 Mueller,
522 4457 556 4506 de
577 4472 607 4507 re
627 4460 701 4505 metr.
733 4470 759 4519 p.
779 4458 821 4517 69,
841 4453 873 4516 Q.
892 4454 996 4505 Ennius
1015 4455 1066 4505 223
1086 4468 1157 4519 sqq.;
1186 4451 1219 4509 G.
1236 4450 1419 4519 Ungermunn,
1438 4453 1470 4517 Q.

118 4544 224 4594 Ennius
243 4558 323 4595 versu
342 4543 447 4595 hexam.
465 4545 494 4594 in
512 4545 615 4595 litteras
632 4543 679 4595 lat.
699 4543 810 4595 inducto
830 4549 963 4610 quatenus
981 4544 1092 4594 meritus
1110 4544 1153 4609 sit,
1172 4542 1323 4594 confluent.
1342 4542 1419 4595 1666.

1320 4628 1369 4684 li*
