3300 5059
1390 235 1453 294 303

105 415 179 476 baec
212 417 331 498 quantis
365 415 402 476 ab
430 416 484 477 illo
507 417 689 479 clamoribus
722 418 903 497 agebantur!
940 463 947 478 .
973 463 979 477 .
1069 464 1077 479 .
1102 466 1109 481 .
1135 422 1292 483 'sdmmum
1314 426 1452 499 amicum,

107 524 220 582 stimmo
244 526 275 582 in
297 520 388 583 bello'
417 542 487 581 narn
511 522 588 582 illud
609 523 675 602 ipse
697 532 780 583 actor
803 522 988 602 adiungebat
1012 525 1107 586 amico
1131 529 1232 589 animo
1267 537 1297 589 et
1328 530 1455 591 fortasse

107 627 240 687 homines
262 675 432 693 ......
456 626 665 707 adprobabant
688 632 818 688 ‘summo
841 628 964 708 ingenio
987 630 1192 710 praedituml'.
1224 635 1329 695 exeis
1352 631 1466 695 autem

109 752 186 813 quas
216 733 391 813 sequuntur,
423 732 559 812 intellegi
593 740 693 814 potest
726 732 881 819 Aesopum
916 753 970 793 ex?
985 735 1078 796 Ennii
1110 737 1333 815 Andromacha,
1368 742 1454 800 cuius
1480 814 1485 819 .

107 846 207 917 partes
230 860 346 899 summa
368 847 432 897 arte
455 845 534 897 eum'
547 839 645 917 egisse
668 836 705 898 de
728 859 770 898 or.
793 837 845 897 III
868 841 919 911 26,
947 842 1006 901 102
1032 840 1167 920 legimus,
1192 844 1342 904 canticum
1376 843 1452 904 illud

107 942 176 1002 huic
198 943 320 1003 fabulae
342 944 513 1019 inseruisse,
538 953 598 1024 quo
623 941 965 1003 AndromachaPriami
982 953 1012 1004 et
1040 947 1157 1026 patriae
1189 948 1294 1008 domus
1317 948 1454 1027 deplorat

105 1047 258 1108 interitum
274 1045 325 1133 (cf.
338 1070 368 1129 p.
382 1050 444 1110 269
455 1044 530 1131 sq‚);
549 1050 592 1109 sic
608 1050 687 1108 enirn
703 1049 801 1129 pergit
816 1048 950 1110 Tullius:
973 1052 1045 1110 ‘iam
1058 1051 1113 1112 illa
1128 1053 1239 1132 quanto
1257 1074 1325 1114 cum
1341 1056 1456 1133 gemitu

106 1153 209 1232 populi
237 1154 364 1214 Romani
396 1154 433 1214 ab
469 1148 574 1213 eodem
606 1154 698 1234 paulo
730 1163 797 1234 post
828 1155 859 1213 in
892 1155 998 1215 eadem
1030 1155 1131 1217 fabula
1155 1159 1205 1233 (cf.
1230 1158 1342 1238 Bergk,
1376 1160 1455 1221 Phil.

106 1254 313 1343 miras)
336 1267 405 1317 sunt
426 1260 506 1317 acta!
534 1263 569 1317 ‘o—
588 1259 697 1338 peterl’
723 1304 730 1317 .
754 1303 761 1318 .
787 1303 795 1317 .
820 1304 831 1327 .,
853 1305 859 1319 .
883 1279 941 1335 me,
965 1280 1013 1320 me
1037 1261 1088 1321 ille
1112 1260 1265 1322 absentem
1286 1272 1319 1323 ut
1340 1273 1457 1344 patrem
1553 1266 1555 1270 ’

107 1362 324 1443 deplorandum
356 1363 483 1444 putabat
516 1407 686 1428 ......
715 1373 826 1444 quanto
858 1364 928 1425 fletu
972 1364 1010 1425 de
1038 1366 1099 1427 illis
1122 1368 1230 1428 nostris
1254 1369 1398 1429 incendiis
1422 1389 1457 1429 ac

106 1464 241 1551 ruinis,¹)
265 1489 331 1527 cum
353 1477 471 1549 patrem
486 1468 616 1549 pulsum,
640 1470 767 1549 patriam
786 1468 937 1529 adflictam
953 1469 1132 1550 deploraret,
1157 1471 1276 1532 domum
1292 1474 1455 1549 incensam,

107 1592 256 1633 eversam:
290 1594 368 1654 quae
400 1576 442 1633 sie
474 1575 545 1652 egit,
577 1581 610 1633 ut
641 1573 846 1633 demonstrata
876 1575 1003 1653 pristina
1030 1576 1150 1636 fortuna
1175 1572 1271 1661 (illud,
1289 1578 1361 1638 ‘uidi
1400 1579 1456 1658 ego

106 1686 136 1736 te
159 1724 168 1739 .
193 1723 199 1736 .
225 1722 233 1737 .
258 1678 274 1735 .’
298 1680 337 1740 fr.
364 1673 409 1762 9),
434 1699 501 1743 cum
524 1699 556 1738 se
579 1679 775 1739 convertisset
806 1678 890 1737 ‘haec
913 1678 1012 1737 omnia
1034 1680 1097 1740 uidi
1120 1680 1317 1757 inflammari,
1356 1683 1456 1743 detrun

107 1784 197 1842 ctiam
219 1784 347 1843 inimicis
371 1826 509 1844 .....
534 1784 700 1844 excitaret’.
733 1781 900 1864 eodemque
929 1784 994 1845 loco
1018 1783 1092 1845 duos
1114 1796 1271 1867 praeterea
1299 1785 1395 1847 adfert
1418 1809 1455 1850 ex

107 1888 271 1967 Eurysacis
293 1888 429 1948 oratione
451 1908 573 1949 versus:

317 2015 342 2060 ‘o
361 2006 508 2075 ingratifici
524 2006 628 2075 Argiui,
646 2009 787 2059 inmoenes
807 2004 882 2071 Graii,
900 2010 1061 2061 inmemores
1080 2009 1202 2075 benefici,

319 2095 442 2163 exsulare
460 2093 558 2159 sinitis,
576 2096 649 2147 sistis
667 2094 743 2162 pelli,
761 2095 868 2160 pulsum
888 2093 1013 2162 pilimini
1032 2094 1076 2163 (fr.
1095 2094 1139 2167 13)

108 2247 247 2264 .....
270 2203 346 2263 illud
379 2204 498 2283 scripsit
534 2202 746 2264 disertissimus
777 2212 867 2283 poeta
898 2225 953 2286 pro
976 2224 1035 2279 me,
1071 2205 1133 2284 egit
1163 2205 1342 2267 fortissimus
1375 2216 1457 2268 actor

110 2357 116 2371 .
144 2356 151 2373 .
178 2353 185 2367 .
210 2356 217 2373 .
242 2308 280 2368 de
302 2330 359 2383 me,
385 2331 451 2369 cum
472 2329 574 2370 omnes
599 2310 718 2371 ordines
744 2308 970 2385 demonstraret,
995 2319 1142 2385 sonatum,
1167 2312 1281 2390 equites
1295 2313 1456 2388 Romanos,

108 2416 281 2475 universum
303 2417 448 2495 populum
468 2416 637 2475 Romanum
660 2418 833 2477 accusaret.
857 2414 927 2475 buis
950 2415 1039 2475 etiam
1059 2415 1181 2476 fabulae
1198 2415 1335 2477 Ribbeck
1351 2418 1460 2477 tribuit

109 2518 212 2595 verba,
236 2518 344 2600 quibus
366 2522 398 2579 in
422 2521 591 2580 Telamone
613 2520 733 2595 reduce,
758 2521 896 2581 omnibus
919 2520 1009 2581 rebus
1033 2529 1148 2600 egente,
1179 2530 1279 2601 stupet
1311 2523 1455 2602 populus:

319 2639 416 2692 ‘hicine
436 2646 477 2692 est
494 2642 542 2691 ille
560 2639 680 2705 Telamo,
699 2642 777 2692 modo
798 2657 878 2707 quem
898 2640 984 2707 gloria
1002 2641 1036 2692 ad
1056 2641 1158 2691 caelum
1179 2640 1282 2706 extulit,

316 2745 395 2795 quem
414 2726 600 2794 deportabant,
618 2726 695 2779 culus
714 2730 748 2779 ob
767 2746 797 2780 os
816 2728 880 2779 Grai
900 2727 946 2779 dra
965 2726 1142 2779 obuertebtnt
1161 2729 1236 2780 sua‘l'
1253 2729 1316 2795 (ino.
1330 2731 1382 2781 ine.
1399 2728 1457 2797 to);

107 2857 183 2915 quos
206 2856 309 2896 versus
332 2836 458 2916 legimus
478 2837 569 2897 Tusc.
585 2836 636 2896 III
661 2838 711 2915 18,
729 2838 768 2896 39
794 2844 824 2896 et
847 2834 885 2895 ad
907 2837 977 2897 iam.
1002 2835 1099 2895 VIIII
1115 2838 1166 2911 26,
1189 2840 1218 2908 2,
1243 2856 1371 2915 quorum
1392 2836 1458 2894 loco

105 2943 273 3021 posteriore
293 2941 454 3003 admodum
472 2943 569 3002 facete
591 2942 638 3001 bis
657 2941 757 3002 verbis
774 2928 867 3001 utitur
889 2940 1005 3003 Oicero.
1042 2941 1145 3000 scribit
1165 2942 1245 3000 eninr
1269 2940 1306 2999 ad
1332 2942 1459 3000 Paetum

106 3068 141 3108 se
164 3065 295 3108 ‘cenasse
327 3046 407 3127 apud
437 3025 632 3106 Volumnium
660 3046 857 3127 Eutrapelum
891 3055 921 3106 et
951 3044 1073 3125 quidem
1104 3065 1194 3126 supra
1225 3066 1257 3105 se
1285 3044 1458 3105 accubuisse

108 3152 254 3229 Atticum,
279 3153 359 3212 infra
375 3152 524 3225 Verrium,
550 3152 602 3231 qui
624 3152 697 3210 item
720 3146 805 3211 erant
825 3151 912 3211 Paeti
934 3151 1106 3211 familiares.
1135 3158 1197 3209 tum
1221 3152 1321 3211 iocose
1343 3152 1457 3229 pergit:

111 3256 197 3316 ‘audi
218 3257 345 3336 reliqua.
376 3257 457 3316 intra
478 3256 677 3336 Eutrapelum
700 3251 841 3336 Cytheris
864 3250 999 3316 occubit(
1021 3256 1052 3314 in
1075 3274 1110 3314 eo
1133 3256 1234 3335 igitur,
1258 3256 1367 3335 inquis,
1393 3273 1460 3314 cou-

22 3418 33 3435 ,
106 3364 193 3424 vivio
209 3360 315 3422 Oicero
339 3362 401 3437 ille,
426 3368 527 3442 ‘quem
549 3361 754 3442 ispectabant,
779 3363 864 3421 culus
880 3360 918 3420 ob
935 3381 966 3421 os
991 3405 1128 3420 .....
1152 3355 1237 3421 sua?
1260 3371 1320 3420 non
1343 3360 1458 3421 meher-

109 3470 179 3528 cule
203 3468 370 3549 suspicatus
393 3487 459 3525 sum
481 3466 563 3526 illam
588 3466 693 3526 adfore
716 3510 854 3527 .....
858 3462 866 3488 ’
1375 3458 1379 3463 ’

217 3571 277 3633 Sed
301 3572 348 3631 bis
370 3571 468 3629 missis
491 3570 530 3629 ad
554 3572 614 3630 alie
636 3592 691 3631 nos
726 3579 946 3631 convertamus.
972 3579 1062 3649 atque
1086 3573 1128 3628 ex'
1147 3570 1253 3629 ceteris
1275 3568 1384 3629 fabulis
1407 3568 1460 3627 vix

109 3688 212 3760 potest
233 3677 376 3753 dubitari,
402 3677 473 3758 quin
496 3670 706 3738 Philocteta
729 3673 831 3762 (Ribb.
851 3677 944 3755 Trag.
961 3678 1046 3737 Rom.
1063 3678 1099 3736 fr.
1123 3696 1153 3756 p.
1172 3677 1234 3735 203
1252 3695 1329 3754 sqq,
1354 3674 1459 3733 Roem.

106 3786 204 3865 Treg.
228 3806 259 3865 p.
284 3786 346 3846 376
370 3783 461 3864 sqq.),
486 3803 670 3862 quamquam
692 3782 723 3841 id
747 3782 858 3842 diserte
881 3802 1029 3862 nusquam
1053 3802 1072 3841 a
1095 3782 1240 3842 Cicerone
1261 3778 1379 3853 dicitur,
1397 3779 1461 3837 eius

105 3899 245 3972 tempore
277 3891 308 3949 in
336 3909 446 3949 scaena
473 3890 513 3949 sit
546 3897 621 3948 acta.
655 3907 732 3968 quae
762 3908 810 3947 res
841 3886 910 3947 ideo
943 3906 1081 3965 maguam
1113 3885 1206 3945 babet
1227 3886 1291 3946 veri
1316 3884 1457 3963 speciem,

107 3994 192 4075 quod
215 3994 307 4055 buius
329 3995 451 4055 fabulae
473 3992 629 4074 permultis
657 3993 731 4053 locis
753 3993 787 4051 lit
818 4013 838 4052 a
861 3994 1005 4052 Cicerone
1038 3993 1162 4066 mentio,
1199 3990 1319 4071 saepius
1342 3988 1394 4062 ite,
1428 3995 1461 4046 ut

108 4100 243 4181 perspici
266 4102 369 4182 possit,
394 4121 485 4179 quarn
517 4099 606 4178 longe
637 4098 762 4178 lateque
794 4098 859 4157 eius
892 4098 1022 4175 cognitio
1055 4098 1147 4156 fuerit
1178 4095 1315 4175 dispersa
1346 4090 1397 4178 (cl.
1415 4091 1461 4151 ¹ud

105 4207 180 4265 fam.
191 4204 254 4267 VII
278 4198 389 4286 33,1;
413 4204 538 4265 Tuael
562 4207 613 4278 28,
639 4208 679 4265 68
703 4203 742 4263 de
768 4203 819 4265 fin.
836 4202 866 4262 V
883 4206 933 4276 11,
959 4198 1024 4285 32).
1048 4199 1155 4262 Cicero
1178 4208 1279 4260 autem
1301 4219 1355 4279 pro
1378 4216 1461 4257 more

108 4332 164 4371 suo
187 4320 280 4391 atque
302 4319 411 4370 natura
434 4312 477 4370 eis
500 4311 532 4371 in
555 4310 659 4385 primis
682 4307 928 4371 commovebatur
950 4307 1074 4380 scaenis,
1102 4304 1153 4365 ubi
1182 4303 1362 4377 Philocteta,
1391 4310 1464 4383 quot

109 4426 142 4474 et
166 4418 272 4498 quanti
295 4416 351 4476 sibi
374 4417 501 4476 fuissent
521 4414 714 4497 perpetiendi
736 4402 867 4488 labores,
892 4413 1011 4475 disertis
1028 4409 1129 4471 verbis
1145 4409 1395 4492 conquerebatur,
1412 4407 1464 4465 vel

110 4520 321 4532 ψ..

217 4559 236 4621 ¹)
256 4557 297 4609 Of.
316 4558 445 4621 Boissisr,
464 4554 580 4607 ciceron
600 4561 627 4607 et
645 4570 691 4607 ses
709 4555 777 4607 amis
795 4571 821 4621 p.
841 4555 901 4605 232.
