3300 5059
2840 203 2959 261 151

268 408 407 448 vero
453 388 697 466 ingenio
745 386 1155 464 dignissimam
1201 395 1346 467 puto
1395 388 1608 448 fortem
1654 387 1823 447 illam
1870 389 2227 450 dictionem:
2278 392 2395 464 ,Er
2440 390 2589 452 wird
2637 393 2805 453 nicht
2844 394 2964 452 ein·

271 494 388 552 mal
434 491 789 573 sprechen
837 513 958 552 von
1007 494 1204 552 seiner
1247 491 1531 553 frfiheren
1579 491 1848 555 Grosse'.

375 654 383 665 ,
438 598 556 675 Ag.
605 598 998 658 380=3972

348 712 447 763 str.
501 702 771 786 πάρεστι
813 704 985 765 τοῦτ’
1020 698 1372 783 ἐξιχνεῦσαι
1612 741 1645 762 o
1681 734 1873 763 ι-υι-
1964 737 2061 764 ..ι-
2085 758 2132 764 -

329 815 452 867 ant.
499 808 986 890 προβουλόπαις
1032 809 1313 888 ἄφερτος
1357 810 1530 882 ἄτας.
1607 839 1690 867 υ-·
1725 848 1822 869 ..-
1849 848 1940 868 υ-
1964 843 2133 870 ..ι-.-

261 915 322 973 iu
380 913 473 973 his
538 931 782 992 quoque
845 910 1118 971 versibus
1182 912 1544 990 temptandis
1609 934 1711 973 vv.
1772 913 1869 975 dd.
1919 935 2166 994 operam
2219 924 2278 973 et
2320 916 2518 974 oleum
2573 913 2965 993 perdiderunt

266 1018 655 1095 corrigentes,
703 1015 808 1076 ubi
852 1016 1003 1075 nibil
1051 1024 1180 1076 erat
1226 1016 1661 1095 corrigendum.
1714 1038 1781 1077 ac
1820 1019 2015 1081 τοῦτό
2046 1021 2103 1101 γ’
2135 1021 2252 1077 inm
2290 1018 2418 1078 cod.
2453 1020 2856 1077 Farnesianus
2887 1039 2964 1077 ex

266 1122 562 1180 Demetrii
606 1120 884 1180 Triclinii
928 1122 1276 1179 recensione
1322 1121 1685 1201 suppeditat.
1734 1142 1845 1182 nec
1888 1125 2141 1184 meliora
2186 1135 2343 1196 sunt,
2392 1145 2547 1203 quae
2592 1126 2655 1184 in
2702 1132 2961 1183 mentem

260 1234 559 1286 venerunt
603 1225 898 1285 Abrensio
964 1226 1238 1310 πάρεστί
1294 1245 1426 1289 που
1476 1227 1632 1300 τόδ’,
1704 1229 2021 1287 Karstenio
2086 1229 2397 1312 πάρεστίν
2447 1250 2552 1293 τοι
2594 1229 2753 1307 τόδ’,
2810 1228 2960 1287 Mer-

258 1330 425 1391 kelio
479 1349 547 1393 π.
592 1332 763 1393 τοῦτ’
797 1329 914 1411 ἔμ’,
949 1330 1294 1390 Wecklinio
1343 1331 1398 1394 δ’
1433 1327 1555 1394 οὖν
1593 1332 1749 1395 τόδ’.
1796 1333 2074 1411 Hartung
2107 1343 2303 1392 autem
2350 1335 2414 1394 in
2462 1344 2582 1393 ant.
2630 1334 2963 1413 glossatore

262 1434 535 1516 quolibet
581 1434 824 1514 dignum
854 1435 1232 1518 προβούλου
1275 1445 1428 1510 παῖς
1459 1433 1546 1516 (in
1593 1446 1692 1497 str.
1725 1434 2061 1520 πάρεστιν)
2098 1440 2424 1517 composito
2456 1439 2963 1521 προβουλόπαις,

259 1540 421 1620 quod
482 1540 799 1599 manifesto
844 1539 1145 1619 'Aeschyli
1191 1560 1430 1600 manum
1475 1561 1623 1621 prae
1686 1561 1750 1600 se
1814 1542 1948 1615 fert,
2009 1544 2373 1621 praeposuit.
2422 1542 2824 1619 Margoliouth
2872 1542 2963 1602 bis

256 1646 555 1725 peccavit,
622 1643 782 1725 quod
839 1645 902 1704 in
964 1654 1066 1705 str.
1114 1662 1180 1706 π.
1243 1648 1415 1707 τοῦτ’
1481 1645 1787 1728 ἰχνεῦσαι,
1850 1648 1911 1704 in
1977 1655 2098 1705 ant.
2176 1647 2506 1728 πρόπολος
2567 1648 2846 1730 ἄφερτος
2900 1648 2960 1708 ἄ.

256 1752 573 1812 restituere
620 1751 827 1811 voluit.

445 1857 498 1916 A
548 1904 561 1918 .
610 1859 732 1914 414
759 1883 843 1907 =
864 1857 1016 1916 430:

349 1971 449 2026 str.
496 1878 772 2035 agazovovg
799 1961 1145 2044 λογχίμους
1172 1981 1240 2023 τε
1273 1961 1381 2022 καὶ
1411 1962 1739 2042 ναυβάτας
1760 1960 2113 2043 ὁπλισμούς
2129 1995 2275 2021 012„
2300 2015 2350 2021 -
2374 2000 2407 2021 υ
2423 1992 2473 2021 μ,
2490 2000 2523 2020 υ
2541 1994 2589 2021 ι-
2611 1991 2662 2020 ss
2678 1999 2711 2020 υ
2732 2014 2776 2021 ..
2794 2001 2826 2020 υ
2844 1992 2891 2019 ι
2918 2013 2958 2020 -.

327 2074 449 2125 ant.
497 2065 758 2148 πάρεισι
812 2063 995 2141 δόξαι
1049 2065 1370 2149 φέρουσαι
1412 2066 1601 2150 χάριν
1655 2068 1951 2147 ματαίαν.
2131 2106 2163 2126 υ
2178 2097 2231 2128 ss
2254 2105 2287 2126 υ
2310 2102 2403 2127 m-
2430 2096 2526 2127 -20
2543 2100 2591 2126 ι-
2611 2096 2663 2126 -’.
2678 2103 2711 2124 υ
2730 2117 2777 2124 ..
2794 2104 2826 2123 υ
2844 2095 2891 2124 m
2917 2118 2960 2124 -

264 2180 454 2231 metro
517 2169 754 2230 turbato
814 2170 1093 2249 opitulari
1156 2169 1268 2230 sibi
1313 2171 1427 2229 visi
1482 2178 1618 2229 sunt
1660 2171 1904 2250 plurimi
1949 2170 2537 2253 transpositionibus3
2604 2172 2688 2230 sic
2724 2170 2961 2229 Abrens

262 2276 499 2355 scripsit
552 2275 828 2348 κλόνους
888 2296 955 2337 τε
1019 2275 1125 2337 καὶ
1184 2276 1528 2358 λογχίμους
1580 2276 1911 2358 ναυβάτας
1961 2279 2029 2339 θ’
2062 2276 2432 2358 ὁπλισμούς,
2490 2260 2696 2353 Enger
2740 2295 2808 2337 τε
2853 2275 2962 2337 καὶ

260 2382 539 2454 κλόνους
580 2382 925 2461 λογχίμους
962 2381 1291 2461 ναυβάτας
1320 2383 1411 2457 θ’,
1444 2381 1546 2439 alii
1592 2382 1920 2448 litterarum
1966 2384 2297 2441 mutatione
2319 2380 2531 2441 'veluti
2563 2381 2641 2438 M.
2676 2377 2958 2450 Schmidt,

262 2487 366 2567 qui
410 2486 686 2559 κλόνους
730 2484 1068 2566 διλόγχους
1110 2505 1179 2546 τε
1223 2484 1352 2562 καὶ,
1385 2484 1616 2563 Heyse‚
1669 2486 1772 2564 qui
1815 2485 2055 2548 κλόνου
2084 2474 2446 2566 ’λοχισμούς
2473 2485 2801 2564 proposuit.
2851 2504 2961 2562 ego

262 2611 472 2650 sanam
533 2610 593 2652 v.
651 2591 776 2648 413
841 2609 929 2668 sq.
997 2590 1351 2669 scripturam
1427 2609 1556 2649 csse
1618 2598 1793 2669 put03
1864 2589 2163 2649 adtributa
2227 2591 2384 2650 enim
2449 2589 2841 2672 ἀσπίστορας
2905 2598 2963 2647 et

259 2696 607 2776 λογχίμους
661 2692 824 2753 nude
878 2694 1150 2773 adposita
1203 2693 1575 2754 substantivo
1632 2715 1738 2752 suo
1796 2695 2070 2767 κλόνους
2124 2695 2423 2753 neminem
2477 2693 2799 2768 offendent,
2859 2694 2960 2772 qui

258 2800 358 2859 vel
404 2800 522 2858 tria.
566 2797 866 2858 adtributa
929 2799 1057 2857 sine
1123 2800 1554 2859 coniunctionis
1621 2799 1866 2857 vinculo
1928 2800 2096 2857 iuxta
2149 2819 2211 2855 se
2267 2800 2538 2877 posuisse
2586 2796 2961 2874 Aeschylum

257 2904 593 2963 meminerit
638 2902 848 2982 Suppl.
887 2905 1050 2964 1029
1085 2924 1153 2983 sq
1223 2904 1314 2965 ἴτε
1356 2902 1489 2984 μὰν
1535 2902 1978 2975 ἀστυάνακτας
2023 2902 2316 2983 μάκαρας
2362 2901 2564 2974 θεοὺς
2608 2901 2961 2981 γανάοντες

253 3008 662 3089 πολιούχους.
709 3009 899 3085 magis
933 3008 1112 3067 etiam
1159 3030 1194 3067 a
1238 3016 1400 3066 recta
1446 3008 1546 3065 via
1591 3006 1961 3079 aberrarunt,
2012 3007 2113 3086 qui
2159 3006 2221 3063 iu
2256 3026 2314 3063 v.
2346 3008 2477 3063 430
2508 3004 2958 3084 ulcuquuaere-

257 3112 401 3173 bant
467 3112 654 3171 veluti
720 3112 952 3185 Herm,
1021 3114 1122 3192 qui
1190 3113 1489 3194 πάρεισιν
1553 3110 1743 3173 δοκαὶ
1806 3105 1912 3192 (ex
1969 3109 2265 3188 Hesychii
2327 3104 2555 3189 glossa)
2620 3108 2955 3190 φέρουσαι,

257 3217 470 3290 Bothe,
522 3217 625 3295 qui
669 3217 970 3298 πάρεισιν
1017 3216 1336 3299 φέρουσαι
1382 3211 1566 3290 δόξαι
1613 3215 1885 3275 coniecit.

438 3321 559 3399 Ag.
608 3322 646 3381 7
656 3323 733 3384 27
756 3347 840 3371 =
862 3323 1020 3383 7372

351 3435 452 3487 str.
502 3426 774 3489 σαί-νων
815 3446 884 3488 τε
927 3424 1204 3507 γαστρὸς
1250 3424 1560 3505 ἀνάγκαις
1625 3455 1726 3484 sso
1748 3478 1787 3483 -
1808 3462 1868 3485 υ..
1890 3457 1984 3485 24
2008 3477 2057 3485 .-

330 3540 453 3591 ant.
503 3534 685 3605 ἄ-τας
729 3531 958 3610 δόμοις
1001 3529 1435 3612 προσετράφη.
1625 3562 1724 3590 ‚20
1764 3561 1856 3590 1—
1896 3544 1984 3589 :m
2034 3582 2073 3588 -

255 3656 422 3702 nunc
464 3656 574 3717 per
620 3654 826 3695 omnes
873 3632 1168 3693 editiones
1213 3634 1627 3695 Heathianum
1670 3635 2145 3716 προσεθρέφθη
2190 3642 2575 3713 propagatur.

434 3742 551 3819 Ag.
604 3738 1080 3799 1482=15062

342 3854 446 3904 str.
493 3840 534 3927 ἦ
578 3844 782 3925 μέγαν
828 3844 1034 3917 οἴκοις
1075 3842 1293 3906 τοῖσδε
1339 3842 1619 3924 δαίμονα
1738 3874 1946 3902 ᾴυυ-
1973 3873 2308 3902 „mo-oo

318 3958 441 4009 ant.
491 3946 579 4024 ὡς
621 3948 740 4031 μὲν
785 3947 1075 4022 ἀναίτιος
1113 3942 1171 4011 εἶ
1208 3946 1401 4009 τοῦδε
1445 3948 1707 4029 φό-νου.
1740 3978 2139 4007 mco-wss
2168 4000 2210 4005 -
2233 3985 2311 4007 ..o
2482 3995 2486 3999 .

247 4077 308 4115 v.
365 4049 615 4135 1482γῆ
670 4052 833 4135 μέγα
878 4052 1131 4133 δώμασι
1190 4050 1392 4114 τοῖσδ’
1439 4050 1681 4132 αἵμονα
1724 4051 1957 4123 Herm,
2021 4047 2056 4132 ἧ
2103 4074 2169 4132 μ.
2217 4049 2289 4113 έν
2353 4051 2581 4131 δόμοις
2642 4049 2701 4111 ὃ.
2751 4049 2957 4108 Heim·

248 4153 439 4233 soeth,
489 4158 841 4239 οἰκονόμον
887 4157 1166 4238 δαίμονα
1217 4155 1655 4226 Schneidewin,
1715 4155 2030 4236 αὐτογενῆ
2082 4156 2180 4213 vel
2233 4153 2573 4236 έγγενέταν
2619 4153 2678 4215 δ.
2740 4152 2956 4212 Schoe-

247 4286 450 4336 mann,
501 4264 604 4322 alii
667 4262 802 4322 alia.
859 4282 925 4344 v.
989 4263 1154 4322 1506
1219 4256 1396 4342 ἦσθα
1462 4261 1662 4331 Pauw,
1730 4255 1788 4324 εἶ
1847 4261 2030 4337 <σύ>
2089 4259 2365 4330 Schuetz,
2424 4255 2564 4319 έσσὶ
2623 4256 2952 4332 Wellauer‚

249 4371 306 4434 εἰ
365 4366 628 4434 τοιοῦδε
690 4366 1036 4428 Schneider.
1104 4386 1180 4425 en
1243 4364 1430 4426 habes
1491 4365 1765 4426 homines
1820 4364 2024 4427 doctos
2082 4364 2157 4423 de
2201 4364 2334 4422 vitii
2386 4362 2530 4423 sede
2584 4361 2953 4436 fluctuantes,

247 4475 352 4538 ubi
396 4473 632 4539 nullum
676 4474 915 4532 omnino
963 4472 1149 4533 adest.
