3300 5059
2825 228 2940 295 131

240 436 300 488 et
341 423 504 487 hanc
561 426 805 508 quidem
852 426 1104 488 notandi
1149 426 1441 487 rationem
1489 426 1758 507 rhythmi
1802 425 2040 507 legibus
2087 423 2341 487 adversa
2378 426 2576 488 fronte
2607 432 2945 510 oppositam

237 552 364 594 esse
410 534 567 593 scire
612 531 889 613 nequivit
951 533 1045 591 vir
1101 534 1399 611 egregiuS,
1447 539 1513 592 ut
1560 534 1664 611 qui
1708 533 1871 591 intra
1916 532 2178 612 simplex
2219 542 2278 591 et
2310 531 2541 612 duplex
2571 516 2947 613 syllabarum

235 648 477 717 tempus
543 637 911 697 subsisteret.
971 635 1136 717 Apel
1200 638 1411 697 contra
1468 637 1701 717 primus
1772 635 1975 695 docuit
2028 641 2255 695 tactum
2312 637 2493 696 etiam
2552 639 2615 696 in
2674 649 2946 700 veterum

237 744 468 802 musica
513 742 712 802 locum
741 742 988 815 habere,
1038 744 1204 802 cuius
1240 741 1647 821 consequendi
1681 761 1857 801 causa
1888 751 2101 821 poetas
2128 743 2193 800 in
2228 743 2476 801 canticis
2509 743 2946 825 componendis

239 847 528 926 syllabas,
574 848 776 927 prouti
819 846 1088 927 rhythmi
1130 848 1235 906 lex
1276 847 1661 926 postulasset,
1718 845 1894 904 modo
1939 847 2003 905 in
2048 846 2357 905 breviores
2407 866 2717 907 mensuras
2767 850 2946 909 corri-

240 951 461 1031 puisse,
511 951 688 1011 modo
732 953 794 1011 in
829 952 1134 1011 trisemam
1167 952 1437 1031 aliasque
1468 932 1843 1030 produxisse.
1893 950 1956 1009 id
1998 950 2157 1029 quod
2188 952 2253 1009 in
2294 971 2367 1010 ea
2398 951 2611 1013 cadere
2647 954 2947 1033 exempla,

239 1056 346 1114 ubi
392 1056 598 1146 theses
645 1058 733 1116 ita
777 1058 1311 1136 supprimerentur,
1360 1064 1426 1115 ut
1472 1056 1628 1115 duae
1676 1074 1838 1115 arses
1885 1064 2085 1116 essent
2130 1056 2449 1134 contiguae
2466 1054 2537 1142 1).

422 1159 599 1221 Haec
631 1170 830 1222 autem
878 1163 1006 1221 fere
1053 1169 1141 1221 est
1186 1180 1385 1220 novae
1435 1160 1742 1220 doctrinae
1789 1161 2198 1221 summarium:
2250 1169 2315 1220 ut
2360 1161 2609 1243 dipodia
2650 1163 2955 1223 trochaica

241 1265 308 1325 in
352 1264 688 1326 tribrachos
757 1267 886 1327 sive
959 1264 1234 1345 dactylos
1297 1274 1600 1345 correptos
1665 1261 1916 1325 dissolvi
1978 1273 2197 1346 potest,
2265 1265 2352 1324 ita
2415 1288 2619 1328 rursus
2682 1266 2954 1329 contrahi

246 1377 449 1449 potest
493 1371 557 1429 in
590 1369 936 1448 rhythmum
969 1355 1368 1449 principalem
1398 1394 1495 1443 -¹-,
1526 1415 1612 1443 -.,
1661 1368 1767 1448 qui
1796 1389 1906 1450 per
1936 1388 2001 1428 se
2032 1367 2287 1450 spondei
2317 1390 2585 1450 aequans
2633 1372 2956 1452 imaginem

259 1474 322 1532 in
370 1483 563 1533 metro
609 1473 913 1533 trochaico
960 1475 1203 1553 gravior
1249 1483 1338 1533 est
1383 1472 1673 1552 spondeo.
1721 1474 2042 1533 manifeste
2088 1475 2271 1551 igitur
2314 1473 2646 1537 hodiernae
2695 1476 2955 1536 musicae

248 1615 408 1672 notis
481 1612 768 1673 adhibitis
837 1613 993 1673 hanc
1056 1614 1521 1673 contractionem
1586 1614 1674 1672 ita
1767 1598 2056 1690 signavit'
2091 1614 2245 1692 Apel
2328 1592 2387 1692 ,Ῑ
2433 1589 2491 1691 ,Ι
2537 1644 2609 1669 =
2641 1592 2678 1692 ,l
2712 1583 2779 1691 ,Γ
2812 1591 2853 1692 ,Ῑ
2880 1586 2951 1691 ,ἡ

253 1720 488 1779 dicens:
539 1739 743 1793 ‚wenn
791 1720 917 1779 also
965 1720 1065 1779 ein
1111 1718 1497 1779 scheinbarer
1528 1717 1848 1798 Spondeus
1895 1717 1993 1777 die
2039 1738 2231 1796 ganze
2262 1717 2455 1777 Rcihe
2490 1718 2659 1777 einer
2688 1716 2954 1795 Dipodie

246 1823 481 1898 erfiillt,
543 1844 608 1883 so
673 1824 782 1883 hat
836 1822 1009 1902 jede
1075 1825 1322 1884 seiner
1367 1824 1671 1903 Langen
1718 1821 1841 1882 die
1887 1823 2131 1881 Dauer
2196 1817 2399 1881 eines
2453 1840 2734 1900 ganzen
2780 1820 2951 1899 Tro-

244 1928 477 1989 chaen
539 1927 684 1987 und
751 1928 1008 1988 erfiillt
1081 1926 1237 1993 drei
1304 1929 1584 1991 Zeiten.
1676 1927 1861 1985 Diese
1937 1926 2311 1985 Erkenntnis
2385 1926 2491 1985 der
2565 1925 2956 2003 dreizeitigen

243 2034 458 2113 Lange
524 2033 648 2092 und
715 2034 820 2093 des
886 2032 1234 2113 fiiichtigen,
1303 2031 1420 2091 den
1468 2031 1791 2099 Trochaen
1847 2031 2416 2111 reprasentirenden
2462 2030 2773 2109 Daktylus
2819 2028 2954 2107 gibt

248 2138 438 2198 allein
489 2137 607 2197 den
654 2131 1005 2197 Aufschluss
1052 2137 1212 2196 iiber·
1247 2135 1344 2196 die
1375 2138 1573 2196 Natur
1619 2136 1726 2195 der
1772 2136 2277 2215 antispastischen
2324 2136 2535 2209 Verse,
2582 2134 2811 2194 welche
2859 2132 2957 2192 die

254 2243 565 2303 Theorien
596 2243 930 2321 vergebens
961 2242 1070 2301 auf
1096 2240 1318 2300 andere
1349 2242 1466 2299 Art
1507 2262 1581 2300 zu
1626 2240 1907 2300 erklaren
1938 2240 2181 2300 suchen’
2228 2238 2654 2319 (Aphorismen
2684 2261 2747 2320 p.
2786 2239 2954 2319 173).

247 2369 452 2429 neque
500 2349 675 2408 aliter
720 2347 1019 2420 bacchios,
1067 2347 1316 2417 ionicos,
1366 2347 1636 2421 creticoS,
1689 2345 2064 2405 choriambos
2110 2366 2143 2405 e
2190 2344 2435 2425 dipodia
2465 2345 2773 2405 trochaica
2806 2342 2957 2402 deri·

205 2447 211 2454 ⁴
245 2451 485 2513 vandos
517 2462 699 2532 atque
733 2451 1130 2531 explicandos
1179 2471 1306 2510 esse
1333 2452 1589 2527 censuit,
1613 2450 1791 2510 modo
1825 2452 2177 2510 alterutrum
2210 2451 2554 2510 trochaeum
2589 2456 2956 2509 contractum

248 2680 639 2760 abgemessene
675 2694 954 2756 Quantitat
990 2693 1086 2743 der
1121 2694 1321 2760 Sylben
1359 2693 1638 2757 ertriiglich
1677 2709 1742 2741 zu
1779 2692 2021 2756 macheu,
2058 2691 2167 2741 und
2206 2694 2325 2742 eine
2360 2692 2610 2757 gehorige
2633 2691 2959 2757 Abtheilung

250 2782 347 2832 der
403 2796 611 2847 ganzen
646 2780 791 2831 Zeile
845 2782 901 2830 in
953 2780 1160 2846 gleiche
1213 2779 1569 2830 miteinander
1621 2780 1695 2828 im
1732 2778 2035 2830 Verbaltnis
2091 2778 2345 2829 stehende
2380 2778 2552 2829 Takte
2598 2780 2665 2828 ist
2711 2777 2959 2844 ganzlich

247 2867 577 2933 unmoglich.
615 2869 720 2919 Die
767 2866 1030 2919 Griechen
1083 2868 1258 2918 haben
1315 2866 1426 2917 also
1482 2865 1584 2916 den
1637 2866 1852 2917 wahren
1907 2867 2130 2917 inneren
2166 2866 2386 2916 Verhalt
2431 2866 2523 2915 der
2569 2864 2767 2931 Sylben
2813 2866 2959 2915 nicht

248 2955 490 3021 gekannt
541 2955 651 3005 und
703 2955 1039 3019 beobachtet,
1083 2954 1211 3005 oder
1264 2956 1341 3005 sie
1395 2958 1632 3004 mussten
1679 2954 1781 3003 wie
1825 2956 1921 3002 wir
1968 2952 2257 3003 mehrere
2295 2953 2495 3003 Arten
2547 2967 2673 3001 von
2710 2951 2957 3002 kurzen

251 3041 382 3091 und
418 3041 664 3106 langen
701 3040 950 3106 Sylben
985 3040 1385 3093 annehmen.’
1432 3077 1440 3085 -

439 3129 478 3193 ¹)
550 3128 626 3179 Ut
661 3145 816 3179 suum
856 3132 1053 3195 cuique
1089 3129 1375 3190 tribuatur,
1422 3128 1823 3178 concedendum
1873 3134 1953 3177 est
2002 3130 2107 3177 iam
2146 3126 2199 3176 J.
2238 3127 2306 3176 H.
2342 3126 2613 3188 Vossium,
2663 3125 2953 3191 elegantis-

253 3217 446 3267 simum
485 3221 770 3266 metrorum
808 3216 1056 3280 iudicem,
1096 3216 1255 3267 huius
1284 3217 1562 3267 doctrinae
1601 3216 1835 3281 quodam
1860 3214 2018 3265 modo
2058 3216 2475 3280 antesignanum
2509 3212 2677 3262 fuisse
2713 3214 2770 3262 in
2804 3211 2959 3275 libro,

253 3319 424 3370 quem
482 3303 548 3353 de
585 3318 837 3354 mensura
875 3303 1204 3368 syllabarum
1250 3305 1308 3354 in
1343 3303 1534 3370 lingua
1571 3294 1896 3354 Germanica?
1931 3304 2143 3366 scripsit
2180 3301 2546 3367 (Regiomonti
2584 3297 2762 3369 1802).
2802 3300 2867 3349 cf.
2901 3316 2952 3364 p.

272 3394 376 3442 180
414 3408 495 3457 sq.
533 3396 587 3442 et
621 3406 671 3457 p.
709 3393 836 3441 201:
875 3392 951 3441 Es
989 3390 1197 3452 erhellt,
1233 3392 1357 3441 dass
1395 3394 1464 3440 im
1506 3392 1739 3457 gei-aden
1776 3390 1952 3441 Takte
1991 3390 2076 3439 die
2114 3389 2273 3439 letzte
2312 3388 2477 3454 Sylbe
2512 3388 2604 3439 des
2644 3387 2960 3438 Choriambs

270 3478 442 3529 durch
481 3479 586 3530 den
622 3479 1018 3529 verweilenden
1055 3478 1341 3529 Abschnitt
1377 3481 1410 3529 4
1449 3479 1633 3530 Zeiten
1686 3478 1977 3541 bekommt‚
2033 3479 2146 3526 und
2199 3478 2322 3527 dass
2378 3476 2474 3526 der
2528 3474 2957 3525 choriambische

262 3566 403 3616 Vers
465 3566 630 3631 ,Labt
683 3567 824 3616 mich
862 3566 1023 3617 Wein
1078 3566 1186 3616 und
1226 3567 1502 3631 Gesang,
1559 3564 1775 3631 Seligen
1832 3565 1938 3615 leb’
1993 3565 2081 3614 ich
2132 3564 2335 3630 gleich’
2386 3565 2485 3613 mit
2538 3563 2633 3613 der
2670 3563 2861 3628 Lange
2898 3563 2955 3610 in

256 3652 558 3719 ,Gesang'
617 3653 719 3703 den
775 3670 981 3719 ganzen
1027 3654 1169 3703 'I'akt
1223 3655 1530 3716 einnimmt;
1582 3653 1647 3703 cf.
1689 3654 1847 3703 etiam
1895 3668 1949 3716 p.
1987 3654 2105 3703 247.
2156 3668 2218 3701 ac
2270 3652 2499 3717 primum
2556 3638 2774 3715 quidem
2826 3647 2963 3714 Apel

263 3743 609 3792 trisemorum
648 3741 950 3791 doctrinam
988 3743 1130 3791 eruit
1166 3742 1223 3790 in
1262 3741 1624 3807 disputatione
1666 3740 1979 3790 brevissima
2015 3738 2328 3803 tragoediae
2367 3752 2495 3788 suae
2534 3738 2667 3802 ‚Die
2706 3736 2959 3787 Aitolier’

260 3825 508 3897 (Lipsiae
536 3824 696 3897 1806)
737 3828 1050 3893 appendicis
1087 3828 1207 3879 loco
1245 3828 1477 3889 adiecta,
1514 3828 1603 3877 cui
1637 3827 1908 3891 inscripsit
1946 3826 2328 3890 ,Aphorismen
2363 3826 2498 3875 iiber
2520 3823 2820 3889 Rhythmus
2848 3821 2959 3872 und

261 3914 522 3966 Mettum’
560 3911 636 3982 (p.
663 3914 986 3982 159—188).
1013 3931 1118 3981 quo
1145 3916 1201 3964 in
1224 3914 1413 3965 libello
1439 3916 1625 3980 primis
1649 3918 1858 3964 tantum
1885 3914 2043 3963 modo
2071 3913 2230 3963 lineis
2257 3912 2629 3963 adumbratam
2655 3911 2960 3961 invenimus

265 4017 388 4054 eam
426 4004 711 4063 rationem,
773 4017 932 4067 quam
995 4002 1214 4051 uberius
1270 4002 1462 4051 deinde
1517 4001 1805 4067 explicavit
1849 4003 1905 4050 in
1956 4001 2407 4052 commentatione
2457 4000 2716 4065 inscripta
2752 3996 2962 4060 ,Ueber

267 4088 573 4156 Rhythmus
593 4089 703 4139 und
722 4088 980 4139 Metram'
1012 4087 1566 4155 ephemeridibusque‚
1588 4104 1813 4154 quorum
1844 4088 2003 4139 index
2028 4095 2109 4139 est
2132 4080 2961 4153 ,Allg.Musik-Ztg.’,X.1807ss

263 4178 484 4241 inserta,
551 4181 604 4226 et
675 4175 744 4226 ad
802 4177 1102 4228 severiores
1156 4176 1304 4243 leges
1366 4176 1638 4226 redactam
1705 4176 1864 4227 simul
1928 4178 2186 4243 respectis
2241 4175 2539 4225 Hei-manni
2591 4171 2961 4237 Boeckhiique

267 4264 615 4330 potissimum
653 4263 934 4313 sententiis
973 4263 1208 4314 absolvit
1241 4265 1298 4312 in
1334 4262 1468 4313 libro
1509 4263 1575 4313 de
1611 4280 1670 4313 re
1697 4263 1923 4314 metrica
1946 4280 2206 4330 perquam
2234 4261 2471 4313 dilucide
2497 4265 2658 4327 atque
2684 4259 2962 4325 eleganter

267 4353 594 4424 conscript0‚
647 4353 726 4402 ita
780 4357 842 4401 ut-
897 4368 964 4401 ne
1019 4351 1179 4402 hodie
1232 4351 1446 4417 quidem
1496 4353 1611 4401 sine
1673 4351 1786 4400 ulla
1846 4352 2079 4401 utilitate
2140 4351 2367 4416 legatur,
2430 4350 2581 4399 cuius
2641 4362 2766 4414 pars
2818 4347 2963 4413 prior

268 4440 489 4507 Lipsiae
527 4454 576 4491 a.
618 4441 755 4490 1814
791 4439 995 4506 publici
1031 4440 1160 4489 iuris
1199 4438 1345 4489 facta
1382 4443 1478 4501 est,
1540 4437 1713 4489 altera
1775 4443 1898 4504 post
1935 4438 2168 4490 auctoris
2218 4438 2422 4488 ‘obitum
2456 4441 2857 4504 praematurum
2914 4448 2963 4485 a.

270 4529 405 4579 1816
445 4526 609 4579 edita.

2692 4608 2759 4663 9*
