3300 5059
322 212 441 271 172

318 404 471 462 falsa
532 422 669 462 esse
722 402 1011 461 videntur
1072 423 1150 461 ne
1204 421 1323 461 uno
1373 401 1616 481 quidem
1665 410 1937 482 excepto.
2010 421 2128 481 qua
2172 403 2236 460 in
2282 421 2348 460 re
2391 420 2601 459 versus
2646 402 3020 482 Aeschyleos

320 511 528 569 missos
572 509 735 568 facit.
797 528 943 588 quos
992 528 1123 565 cum
1171 516 1479 587 corruptos
1527 528 1659 567 esse
1705 508 1864 572 inter
1910 527 2113 566 omnes
2157 508 2277 565 iam
2328 507 2665 579 conveniat,
2714 505 3016 587 desperat,

320 634 440 693 qua
487 614 718 673 onerati
760 614 879 671 sint
911 614 1387 671 coniecturarum
1417 613 1589 691 quasi
1620 613 1945 690 farragine,
1996 613 2318 691 quicquam
2350 612 2493 669 novi
2523 610 3018 692 probabiliusque

318 718 463 777 dicti
526 738 591 776 se
659 738 788 777 esse
851 718 1226 797 prolaturum
1292 714 1377 800 (p.
1436 713 1559 799 15).
1626 719 1766 775 iam'
1815 717 1944 796 ipse
2009 716 2260 788 iudices,
2324 736 2464 773 num
2533 716 2682 775 haec
2739 719 3020 797 exempla

314 823 691 902 corruptelae
736 824 998 901 speciem
1042 842 1193 901 prae
1238 841 1303 882 se
1346 822 1573 880 ferant:
1679 857 1683 862 ·

498 926 663 1007 Sept.
714 929 1118 988 275=2922

406 1040 507 1092 str.
552 1032 842 1113 γείτονες
883 1031 956 1095 δὲ
999 1032 1270 1116 καρδίας
1454 1063 1507 1091 4
1532 1072 1564 1091 υ
1593 1085 1635 1092 4
1666 1071 1699 1091 υ
1723 1063 1777 1092 4
1800 1071 1833 1091 υ
1862 1086 1906 1092 4

382 1145 505 1197 ant.
551 1136 729 1198 τοῖσδ’
778 1138 1023 1219 ἄρειον,
1069 1135 1347 1219 ἐχθροῖς.
1452 1165 1507 1197 4
1530 1168 1905 1197 uuuuu

315 1239 586 1323 καρδίας
629 1240 959 1319 spondeum
1008 1240 1261 1315 efficere,
1329 1249 1396 1299 ut
1442 1240 1655 1320 Suppl.
1706 1241 1807 1312 74,
1859 1240 2005 1313 807,
2057 1238 2304 1300 adnotat
2349 1238 2691 1313 Wecklein,
2742 1238 2806 1299 id
2852 1239 3015 1319 quod

316 1346 446 1404 sine
510 1344 693 1405 dubio
754 1346 1218 1427 praeferendum
1263 1353 1353 1405 est
1425 1345 1700 1406 omnibus
1768 1346 2142 1418 coniecturis,
2217 1345 2333 1405 nisi
2407 1364 2542 1404 mea
2603 1344 2718 1403 tibi
2781 1344 3014 1406 adridet

318 1468 599 1509 mensura
617 1446 688 1532 1).
734 1450 922 1513 Dind.
969 1450 1070 1510 hic
1116 1460 1175 1509 et
1220 1450 1366 1509 alibi
1411 1451 1645 1533 κάρζας
1690 1449 1944 1521 induxit,
1996 1469 2151 1528 quae
2194 1452 2388 1509 forma
2435 1449 2678 1510 dialecti
2722 1449 3012 1510 Aeolicae

322 1553 725 1614 abiudicanda
790 1564 880 1615 est
942 1577 978 1614 a
1030 1556 1292 1634 tragicis,
1366 1554 1680 1614 Lowinski
1726 1555 1946 1638 Κηρός
1990 1555 2247 1634 scripsit.
2295 1556 2430 1614 aliis
2475 1556 2538 1613 in
2587 1562 2709 1617 ant.
2757 1552 3019 1638 ἐχθροῖς

316 1660 379 1717 in
436 1660 601 1719 vocis
659 1660 1014 1740 trisyllabae
1078 1661 1275 1719 locum
1339 1661 1664 1739 inrepsisse
1713 1658 2046 1734 videbatur,
2119 1680 2298 1738 quam
2365 1660 2438 1719 ob
2506 1679 2635 1717 rem
2699 1656 3023 1738 ἐχθίστοις

318 1765 558 1843 scripsit
587 1763 797 1839 PauW,
844 1765 1045 1827 τοῖσδ’
1078 1763 1339 1847 ἐχθροῖς
1369 1763 1592 1834 Heath,
1629 1760 1851 1845 ’δηΐοις
1883 1762 2110 1841 Butler,
2158 1762 2454 1838 ἐκτόποις
2485 1764 2682 1838 Prien,
2732 1760 3024 1843 ἐχθίμοις

314 1869 594 1941 Kvicala,
653 1870 898 1943 ἀντίοις
944 1869 1316 1943 Heimsoeth,
1366 1868 1713 1951 ’ἀλλόθροις
1759 1869 1941 1942 Weil,
1991 1867 2321 1942 ἐνστάταις
2367 1868 2695 1941 Oberdick,
2745 1866 3025 1951 ἐλλέροις

319 1972 401 2031 Μ.
450 1971 742 2036 Schmidt.

494 2077 707 2156 Suppl.
757 2080 1075 2138 74=83:

406 2190 511 2243 str.
559 2181 1040 2265 ἀπειρόδακρύν
1083 2203 1151 2244 τε
1196 2183 1471 2265 καρδίαν
1669 2224 1700 2243 υ
1725 2213 1777 2243 4
1801 2222 1864 2242 w
1893 2234 1937 2241 4
1964 2222 1997 2242 υ
2021 2214 2074 2243 4
2099 2222 2131 2243 υ
2161 2238 2204 2243 4

384 2294 508 2344 ant.
552 2286 747 2368 ὕβριν
791 2286 847 2348 δ’
880 2284 1128 2368 ἐτύμως
1173 2289 1533 2369 στυγόντες.
1664 2327 1695 2347 υ
1720 2318 1774 2347 4
1797 2327 1860 2347 w
1889 2341 1934 2347 -
1962 2326 1996 2348 υ
2027 2321 2121 2349 ιν-
2162 2341 2211 2349 .-

318 2399 705 2472 στυγοῢντες
772 2387 895 2468 <εὗ
972 2393 1073 2451 vel
1156 2388 1324 2467 οὗν>
1391 2391 1594 2450 Heath
1659 2391 1991 2471 proposuit,
2077 2402 2465 2474 στυγοῦντες
2534 2391 2708 2467 <ἂν>
2773 2391 3014 2466 Tittler,

317 2504 703 2576 στυγοῦντες
745 2478 920 2571 <οὐ’>
960 2497 1193 2559 πέλοιτ’
1238 2496 1320 2558 ἂν
1365 2495 1609 2558 ἔκδικοι
1655 2497 1883 2578 νόμοις
1924 2497 2229 2575 Hartung,
2279 2497 2384 2555 alii
2431 2496 2571 2556 alia.

493 2598 705 2679 Suppl.
755 2602 880 2660 807
945 2622 1065 2660 non
1133 2600 1391 2660 debebat
1438 2600 1674 2659 adferre
1719 2600 2064 2675 Wecklein,
2133 2602 2275 2681 quia
2320 2600 2421 2659 hic
2465 2600 2653 2673 locus,
2714 2599 2791 2657 ad
2839 2619 3038 2677 quem,
3131 2586 3136 2591 ’

320 2705 440 2762 iam
486 2705 826 2780 transimus,
876 2706 995 2765 alio
1041 2705 1219 2766 modo
1268 2704 1684 2785 expediendus
1732 2714 1839 2765 est.

410 2883 412 2886 Ι
494 2808 707 2889 Suppl.
756 2811 881 2870 805
930 2812 1311 2890 sqq.=813
1360 2831 1521 2889 sqq.:

404 2924 504 2973 str.
552 2922 781 2994 πτῶμα
824 2916 1245 2998 μαρτυροῦσά
1288 2937 1420 2996 μοι,
1641 2944 1696 2975 4
1718 2954 1752 2974 υ
1780 2967 1823 2975 4
1852 2953 1885 2975 o
1908 2944 1962 2975 4
1987 2954 2020 2975 υ
2048 2968 2093 2975 4
2131 2956 2165 2976 Λ

554 3018 712 3100 πρὶν
756 3018 1097 3102 δαΐκτορος
1140 3020 1252 3102 βίᾳ
1645 3050 1698 3079 4
1722 3058 1756 3079 υ
1783 3073 1828 3080 .-
1855 3058 1889 3079 υ
1912 3048 1966 3079 4
1989 3058 2022 3079 υ
2049 3072 2095 3078 4
2132 3059 2167 3080 Α

556 3120 827 3207 καρδίας
868 3125 1082 3205 γάμου
1126 3131 1403 3206 κυρῆσαι
1640 3155 1695 3187 4
1718 3163 1752 3184 υ
1777 3176 1828 3184 .-
1852 3162 1886 3183 υ
1909 3154 1963 3183 4
1986 3162 2019 3182 υ
2049 3176 2092 3183 4
2125 3176 2170 3181 4

384 3235 505 3288 ant.
552 3229 794 3301 κοί-τας
837 3228 1155 3310 γαμηλίου
1199 3229 1430 3309 τυχών.
1638 3259 1692 3289 4
1716 3268 1748 3287 υ
1773 3282 1824 3287 4
1849 3266 1883 3287 υ
1906 3257 1959 3286 4
1983 3266 2016 3287 υ
2040 3256 2092 3287 4

559 3332 677 3393 τίν’
712 3333 868 3413 ἀμφ’
902 3331 1101 3405 αὑτᾶς
1146 3331 1239 3395 ἔτι
1282 3334 1493 3414 πόρον
1581 3373 1613 3394 υ
1638 3362 1692 3394 4
1713 3387 1756 3392 4
1793 3364 1887 3392 ι,-
1917 3362 2008 3393 ew
2045 3386 2089 3392 4

557 3435 767 3517 τέμνω
813 3436 1026 3516 γάμου
1071 3437 1180 3499 καὶ
1224 3438 1521 3521 λυτήρια,·
1570 3493 1614 3499 4
1642 3468 1697 3499 4
1721 3478 1754 3497 υ
1784 3470 1878 3498 ι,-
1907 3469 1961 3498 4
1985 3478 2017 3498 c
2048 3491 2090 3498 4
2119 3478 2180 3498 w

318 3538 641 3601 Wecklein
687 3540 900 3622 γάμου
944 3543 1186 3625 λυτῆρα
1230 3565 1288 3601 v.
1326 3546 1449 3603 815
1501 3562 1534 3601 e
1579 3543 1814 3601 Pauwii
1870 3545 2214 3602 coniectura
2259 3545 2320 3602 in
2366 3551 2600 3601 textum
2645 3551 2887 3621 recepto
2933 3543 3018 3600 ita

320 3665 559 3704 mensus
624 3653 714 3704 est
769 3684 1263 3710 44444444
1335 3647 1491 3731 ἀμφ’
1538 3647 1738 3721 αὑτοῖς
1791 3647 1913 3706 iam
1975 3650 2046 3722 is,
2113 3644 2217 3727 qui
2272 3648 2688 3707 interlineares
2743 3646 3016 3706 Mediceo

317 3751 545 3830 glossas
590 3750 929 3830 adscripsit,
975 3750 1138 3812 recte
1184 3752 1536 3832 explicavit:
1603 3752 1753 3835 περὶ
1796 3749 2090 3836 ἐμαυτῆς.
2159 3762 2419 3812 ceterum
2471 3754 2523 3812 si
2564 3773 2640 3811 ex
2681 3752 3022 3810 Her-manni

318 3856 583 3936 eleganti
630 3856 974 3917 coniectura
1017 3858 1135 3920 τίν’
1170 3857 1474 3941 ἀμφυγᾶς
1518 3857 1848 3931 scribimus,
1897 3858 2158 3932 schema,
2217 3856 2378 3936 quod
2424 3878 2605 3937 supra
2651 3857 3016 3937 scripsimuS,

220 4037 225 4044 .
316 3982 437 4022 non
502 3969 785 4021 mutatur.
862 3962 1393 4022 innumerabilium
1468 3983 1503 4020 a
1567 3962 1913 4021 Wecklinio
1985 3970 2468 4022 enumeratarum
2539 3963 3016 4023 coniecturarum

316 4068 548 4153 aliquot
590 4076 825 4126 tantum
879 4066 1174 4127 adferam:
1233 4088 1292 4126 v.
1342 4069 1465 4126 806
1513 4067 1623 4150 βίᾳ
1668 4088 1747 4147 με
1791 4067 2024 4140 Herm„
2090 4088 2151 4131 V.
2200 4070 2326 4126 814
2373 4088 2460 4147 sq.
2508 4067 2684 4129 τόνδ’
2731 4066 2816 4129 ἔτ’
2863 4066 3021 4149 ἀμφ’

316 4172 515 4246 αὐτοῖς
577 4190 642 4233 π.
686 4172 794 4234 καὶ
846 4173 1059 4253 γάμου
1103 4171 1342 4254 λυτήρι’
1392 4171 1561 4254 εὕρω
1604 4171 1824 4245 Hcath,
1874 4172 1913 4253 ἢ
1957 4172 2077 4234 τίν’
2127 4172 2436 4254 άμφυγὰν
2484 4171 2566 4234 ἔτ’
2614 4171 2654 4253 ἢ
2699 4190 2766 4233 π.
2814 4171 3020 4253 τέτμω

494 4415 532 4479 ¹)
572 4416 653 4466 Ne
700 4416 868 4466 nostri
913 4416 1129 4481 quidem
1175 4421 1364 4481 poetae
1400 4421 1720 4481 respuerunt
1765 4418 1783 4465 i
1819 4416 1997 4467 vocali
2033 4417 2119 4465 hic
2158 4416 2271 4467 illic
2307 4431 2597 4465 consonam
2631 4415 2652 4479 j
2693 4415 3020 4465 substituere

316 4500 482 4551 veluti
518 4502 721 4552 Heine:
760 4502 935 4554 Deine
973 4505 1197 4554 weissen
1237 4501 1612 4569 Liljenfinger.
