3300 5059
1424 282 1484 341 331

135 477 201 528 rate
234 468 408 545 ‘cognatum
440 464 535 525 tnum’
566 467 691 545 profert.
724 465 855 545 denique
887 486 926 527 ex
960 467 1094 528 oratione
1117 467 1332 548 Demiphontis
1349 470 1401 530 'ob
1432 471 1488 533 filii

138 573 260 655 nuptias
282 571 351 630 irati
366 569 461 630 verba
483 568 600 650 aliquot
616 568 721 629 Cicero
745 568 862 631 dnobus
884 570 959 631 locis
978 571 1103 632 rettulit.
1128 592 1163 633 ac
1183 574 1313 653 primum
1335 574 1388 649 eis,
1411 562 1488 655 qnae

137 675 298 758 Demipho,
323 697 390 736 cum
413 676 530 738 facinus
552 673 628 735 illud
652 675 855 757 comperisset,
879 678 911 736 in
933 694 1072 739 scaenam
1095 680 1246 759 ingressus
1269 680 1356 739 dicit:

312 794 392 848 ‘itane
411 796 519 847 tandem
538 794 647 847 usdrem
667 796 743 847 duxit
760 779 879 861 dntipho
898 794 1001 849 iniussn
1020 800 1096 849 meo?

240 954 243 958 y
310 882 361 935 nec
377 900 466 935 meum
484 882 637 949 imperiumt
655 899 687 934 ac
705 882 780 936 mitto
801 885 956 951 imperium:
974 902 1029 938 non
1047 884 1210 939 simultatdm
1230 902 1315 939 meam

311 970 429 1024 reuerdri
448 969 565 1023 salteml'
583 972 622 1037 (ΙΙ
642 974 666 1035 1,
686 975 698 1021 1
719 974 789 1038 sqq.)

135 1084 234 1140 iocose
256 1081 350 1140 utitur
371 1082 403 1140 in
428 1099 475 1160 ep.
499 1078 669 1139 aenean
687 1082 737 1154 19,
761 1081 790 1154 1,
812 1078 865 1141 nbi
889 1079 926 1141 de
950 1079 1037 1141 Statii
1061 1081 1214 1143 cuiusdam
1237 1104 1329 1144 mann
1350 1084 1489 1145 missione

135 1184 281 1266 loquitur:
313 1184 376 1245 ‘sed
398 1183 473 1243 mihi
495 1183 579 1243 nihil’
603 1184 702 1264 inquit
725 1189 782 1245 ‘cst
803 1184 956 1245 molestius
979 1206 1069 1266 qnam
1093 1186 1219 1246 Statium
1242 1209 1333 1247 manu
1354 1190 1487 1253 missum.

136 1290 204 1351 ‘nec
226 1310 325 1351 meum
349 1334 406 1349 ...
431 1287 563 1350 reuereri
594 1286 726 1350 salteml'
748 1290 900 1371 nec'quid
923 1291 1031 1351 faciam
1056 1288 1139 1352 scio!
1163 1292 1239 1353 alter
1261 1294 1348 1374 isque
1370 1294 1490 1374 longior

136 1404 181 1456 est
202 1395 297 1469 locus,
326 1415 385 1476 quo
408 1394 561 1476 Demipho
580 1394 866 1484 'tanta'calamitate
888 1405 1011 1482 tamque
1030 1389 1196 1481 'improvisa
1219 1418 1378 1479 oppressus
1404 1420 1488 1480 prae-

135 1508 221 1581 cepta
245 1499 297 1562 dat
318 1500 410 1581 plena
431 1500 598 1580 sapientiae
621 1500 655 1560 II
679 1505 707 1577 1,
734 1503 771 1559 11
796 1520 880 1582 sqq:

275 1624 366 1687 ‘quam
385 1623 419 1673 ob
438 1637 494 1672 rem
513 1620 608 1684 omnis,
627 1637 688 1672 cum
706 1618 842 1673 secundae
860 1609 903 1672 res
921 1627 985 1673 sunt
1003 1620 1136 1688 mdx‘ume,
1154 1627 1211 1674 tum
1230 1620 1354 1677 maxume

277 1707 401 1762 meditari
420 1726 511 1761 secum
530 1708 642 1776 opdrtot,
661 1724 714 1775 quo
732 1715 812 1777 pacto
832 1707 974 1774 dduorsam
994 1707 1147 1763 aerumnim
1158 1711 1261 1763 ‘ferant

274 1795 386 1862 pericla,
405 1797 504 1849 damna
522 1795 633 1864 peregre
651 1799 758 1849 rediens
777 1796 883 1864 semper
901 1815 992 1851 secum
1011 1796 1111 1865 edgitet

276 1889 323 1935 aut
340 1882 382 1935 iili
399 1890 541 1951 peccatum
559 1882 607 1938 adt
623 1888 715 1937 uxoris
733 1885 845 1939 mdrtem
864 1892 913 1937 aut
930 1888 1053 1939 morbum
1073 1885 1156 1950 tiliae,

276 1968 428 2023 commr'rnis
446 1989 506 2025 esse
524 1972 601 2037 haec,
619 1971 654 2024 nd
673 1973 737 2040 qnid
755 1974 850 2025 horem
869 1990 996 2041 umquam
1013 1971 1119 2026 decidat
1136 1972 1226 2024 animd
1244 1968 1357 2026 nouom:

276 2056 406 2126 quidquid
423 2066 532 2127 praeter
550 2075 623 2126 spem
643 2057 761 2125 eueniat,
779 2078 858 2113 omns
876 2061 903 2112 id
922 2060 1050 2127 deputare
1069 2076 1129 2112 esse
1146 2058 1175 2111 in
1193 2058 1284 2111 lucro’.

138 2175 231 2247 atque
261 2166 316 2227 hos
338 2186 443 2229 versus
475 2185 582 2228 omnes·
609 2187 721 2247 magna
753 2188 821 2228 cum
848 2169 986 2229 Terentii
1017 2168 1107 2229 laude
1141 2166 1248 2229 (iicero
1279 2168 1432 2227 transtulit
1459 2169 1490 2226 in

139 2273 231 2334 Tuae.
254 2272 305 2332 ΠΙ
329 2276 379 2348 14,
404 2275 460 2334 3οι
484 2278 524 2332 ‘et
547 2272 687 2334 nimirum
709 2273 785 2334 haec
808 2283 854 2335 est
875 2274 930 2334 illa
952 2282 1108 2353 praestans
1141 2282 1172 2334 et
1202 2272 1305 2333 divina
1327 2272 1486 2354 sapientia,

138 2385 169 2438 et
200 2358 359 2459 perceptas
388 2378 510 2459 penitus
542 2388 573 2437 et
602 2386 800 2460 pertractatas
831 2399 880 2440 res
907 2374 1053 2440 humanas
1081 2378 1203 2451 habere,
1239 2378 1316 2436 nihil
1351 2376 1490 2437 admirari

139 2504 207 2543 cum
230 2482 384 2557 acciderit,
408 2484 581 2571 nihilante,
606 2504 699 2565 quam
716 2486 863 2559 evenerit,
888 2505 948 2545 non
972 2486 1095 2545 evenire
1110 2504 1200 2565 posse
1216 2482 1363 2543 arbitrari.
1388 2487 1488 2563 ‘quam

138 2588 177 2649 ob
201 2610 264 2649 rem
369 2592 402 2649 in
424 2586 527 2650 lucro'.
549 2596 614 2648 tum
636 2589 684 2649 his
706 2589 773 2649 finit
800 2589 879 2652 hanc
914 2589 1140 2649 meditationem
1173 2589 1288 2648 verbis:
1325 2592 1405 2667 ‘ergo
1433 2587 1490 2647 hoc

140 2694 304 2756 Terentius
326 2715 345 2754 a
366 2693 558 2775 philosophia
580 2703 731 2775 sumptum
764 2715 831 2755 cum
862 2703 923 2753 tam
947 2692 1101 2756 commode
1128 2693 1246 2767 dixerit,
1271 2710 1326 2751 nos
1430 2713 1489 2752 non

165 2844 172 2858 .
194 2845 201 2859 .
226 2799 359 2860 dicemus
380 2799 438 2860 hoc
460 2799 568 2860 molins
590 2798 683 2861 ...i'
1192 2784 1198 2796 ’

243 2905 396 2989 Sequitur,
420 2914 455 2965 nt
477 2904 611 2967 dicamus
635 2904 673 2964 de
695 2903 889 2985 Adelphis.
925 2924 1056 2986 namque
1080 2923 1118 2963 ex
1141 2903 1297 2983 Hecyra,
1332 2921 1422 2982 quam
1444 2901 1490 2962 bis

144 3018 281 3071 exactam
305 3030 370 3070 esse
394 3030 411 3071 e
432 3010 567 3089 prologis
589 3010 663 3092 ipsis
685 3011 903 3090 cognoscimus,
928 3028 967 3070 ne
988 3028 1066 3068 unns
1091 3006 1213 3088 quidem
1235 3008 1388 3068 invenitur
1410 3006 1491 3087 apud

140 3115 316 3177 Ciceronem
340 3115 519 3176 versiculus.
544 3136 727 3198 quamquam
750 3117 830 3175 enim
853 3115 984 3197 populus
1008 3114 1162 3194 Hecyram
1193 3114 1323 3192 primum
1346 3133 1407 3172 nou
1430 3120 1490 3171 tam

141 3231 265 3304 propter
301 3223 398 3304 ipsum
431 3230 640 3301 argumentum
672 3242 762 3303 quam
790 3232 914 3302 propter
937 3221 1054 3282 leviora
1086 3219 1267 3301 spectacula,
1301 3216 1491 3277 funambulos

143 3336 173 3388 et
211 3326 394 3407 gladiatores
432 3336 462 3387 ct
497 3328 627 3408 pugiles,
673 3347 750 3407 quae
794 3325 901 3387 eodem
939 3336 1074 3407 tempore
1111 3332 1180 3385 sunt
1218 3322 1297 3396 data,
1344 3322 1492 3401 sprevisse

139 3431 297 3511 videtur,¹)
331 3441 433 3492 tamen
465 3431 540 3491 haec
567 3432 671 3493 fabula
702 3452 759 3492 nec
787 3430 973 3513 temporibus
1008 3428 1238 3510 insequentibus
1261 3448 1370 3507 magno
1400 3446 1491 3507 opere

141 3538 293 3618 placuisse
315 3537 446 3597 videtur.
471 3556 550 3616 quae
573 3557 641 3596 cum
663 3538 707 3596 ita
730 3546 837 3611 essent,
861 3536 952 3597 facile
974 3543 1075 3616 potest
1097 3534 1245 3613 intellegi,
1269 3553 1322 3592 cur
1343 3551 1492 3611 nusquam

139 3644 223 3703 illius
249 3644 431 3702 mentionem
460 3642 567 3702 iecerit
589 3642 718 3726 Tullius.
751 3651 908 3723 praeterea
939 3642 997 3701 hac
1024 3661 1057 3701 re
1080 3638 1248 3701 ostendisse
1273 3637 1349 3697 mihi
1372 3634 1492 3695 videtur

140 3769 172 3808 se
204 3747 299 3828 probe
330 3748 459 3807 sensisse
486 3745 557 3809 huic
577 3747 741 3829 praecipue
763 3746 886 3807 tabulae
919 3746 1025 3807 deesse
1056 3744 1097 3821 id,
1133 3743 1214 3823 qnod
1243 3743 1303 3802 iam
1327 3738 1439 3801 Caesar
1460 3740 1491 3797 in

140 3854 285 3915 Terentio
308 3872 398 3932 aegre
421 3850 624 3934 desiderabat,
657 3851 720 3911 vim
744 3851 897 3910 comicam.
931 3859 1034 3911 contra
1056 3849 1245 3930 Adelphos
1272 3847 1415 3919 fabulam,
1438 3864 1493 3924 per

141 3980 232 4039 qnam
261 3965 354 4018 totam
378 3957 555 4017 Terentium
583 3956 706 4017 artificis
736 3964 846 4038 poetae
873 3954 993 4015 laudem
1018 3955 1154 4014 obtinere
1176 3955 1313 4012 Donatus
1345 3953 1377 4009 in
1407 3970 1491 4029 prae-

139 4064 254 4124 fatione
277 4060 441 4136 contendit,
465 4084 520 4142 per
538 4062 662 4140 longum
679 4060 822 4142 temporis
839 4062 970 4140 spatium
985 4062 1017 4119 in
1033 4079 1143 4121 scaena
1158 4067 1255 4119 actam
1274 4076 1338 4118 esse
1354 4076 1492 4134 magnam

139 4169 232 4254 habet
258 4169 324 4229 veri
354 4166 526 4250 speciem.²)
561 4168 610 4227 cui
642 4168 685 4227 rei
715 4166 899 4248 patrocinari
921 4166 1063 4226 videntur
1094 4173 1124 4225 et
1146 4163 1249 4237 verba,
1285 4181 1363 4244 qnae
1387 4159 1492 4220 Cicero

139 4326 347 4339 .———--

247 4412 267 4478 ¹)
287 4414 328 4465 cf.
348 4414 380 4466 0.
399 4415 519 4466 Amdohr
537 4412 655 4479 ‘Prologi
666 4413 792 4478 Hecyrae
803 4412 911 4463 Terent.
923 4411 1108 4478 grammatica,
1121 4410 1223 4475 critica,
1243 4406 1369 4459 historica
1388 4408 1493 4457 ratione

140 4501 358 4571 pertractantur’,
375 4501 548 4553 Francofnrti
566 4501 601 4552 ad
618 4500 710 4553 Viadr.
731 4502 806 4563 1813,
826 4517 852 4565 p.
872 4501 915 4551 11.

245 4590 266 4657 ²)
287 4590 327 4641 Gt.
346 4588 479 4641 Daistako
498 4590 527 4640 in
546 4588 631 4657 praei.
651 4588 692 4640 ed.
712 4606 737 4655 p.
759 4590 800 4639 14.
