3300 5059
1394 244 1457 305 285

106 438 152 489 tes
179 437 301 489 revocat
328 429 534 488 anctoritatem
565 425 618 512 (ci.
642 450 672 509 p.
697 423 786 511 246).
811 430 925 489 etenim
957 450 1023 491 cum
1061 431 1092 489 in
1125 433 1300 493 universum
1332 432 1458 493 dixisset

107 532 219 606 multis,
242 533 351 613 quibus
375 533 466 613 paulo
489 533 608 611 longior
631 534 696 592 vita
719 534 901 612 contigisset,
925 533 958 594 id
981 536 1128 610 evenisse,
1153 540 1197 595 ‘nt
1219 546 1250 597 ct
1272 556 1340 597 cum
1364 538 1457 598 multo

107 632 269 699 maioribus
292 646 375 713 natu,
399 658 489 719 quam
512 646 614 697 essent
635 638 703 716 ipsi,
733 646 851 698 etcum
876 628 1031 719 aliquanto
1055 640 1221 702 minoribns
1250 661 1458 724 compararen-

106 745 173 817 tnr',
188 745 252 803 eius
262 744 306 803 rei
316 744 475 823 profertex
484 742 651 803 litterarum
662 743 839 802 Latinarum
849 743 974 803 historia
983 744 1222 825 exemplnm2‘nt
1231 746 1350 807 Accius’
1362 748 1460 828 inquit

106 846 231 908 ‘eisdem
255 846 405 908 sedilibus
428 845 601 932 (alcstan)
626 849 668 907 ait
690 868 723 909 se
746 858 776 909 et
798 847 966 909 Pacuvium
990 849 1128 911 docuisse
1150 850 1292 925 fabulam,
1316 872 1383 911 cum
1406 851 1458 910 ille

106 955 267 1032 octoginta,
288 954 355 1034 ipsc
379 954 504 1033 triginta
525 974 619 1013 annos
641 963 730 1013 natus
754 951 852 1013 esset?
875 953 958 1014 unde
987 956 1079 1014 etiam
1102 976 1161 1034 quo
1194 977 1272 1016 anno
1302 966 1389 1016 natus
1422 958 1459 1017 sit

106 1059 257 1119 Pacuvius
278 1080 436 1139 possumus
459 1059 594 1138 adsequi.
618 1059 678 1117 iam
695 1078 767 1119 vero
784 1058 990 1138 quaerendum
1007 1067 1062 1136 est,
1086 1060 1123 1119 de
1146 1060 1257 1120 fabulis
1272 1062 1457 1121 Pacuvianis

105 1165 178 1242 quid
201 1164 382 1225 iudicaverit
404 1163 519 1225 (liccro.
545 1172 636 1241 atque
659 1164 696 1223 ad
719 1165 870 1245 poeticam
894 1185 996 1224 earum
1019 1173 1137 1246 spectat
1159 1166 1347 1247 dignitatem,
1371 1165 1452 1245 quod

107 1268 161 1328 ille
193 1268 231 1329 de
263 1280 323 1349 opt.
356 1291 425 1349 gen.
463 1290 505 1329 or.
538 1273 565 1349 1,
597 1272 617 1332 2
654 1270 820 1330 Pacuvium
853 1290 1000 1331 summum
1033 1268 1105 1330 dicit
1142 1280 1261 1350 poetam
1296 1271 1455 1349 tragicum.

104 1374 219 1452 quain
241 1393 274 1433 re
297 1395 369 1433 num
390 1383 505 1433 rectum
527 1372 648 1448 viderit,
676 1373 723 1433 his
747 1373 868 1454 quidem
891 1374 1077 1454 temporibus
1099 1384 1223 1454 propter
1259 1376 1456 1455 reliquiarum

104 1479 284 1539 tenuitatem
305 1478 387 1538 haud
410 1486 509 1559 potest
531 1478 702 1558 disceptari.
732 1478 785 1537 sed
809 1480 840 1538 in
873 1498 908 1538 eo
933 1488 1012 1539 certe
1035 1479 1086 1538 vel
1117 1479 1356 1540 commodissime
1391 1499 1458 1539 eum

106 1583 255 1644 iudicasse
287 1592 453 1643 statuamus
480 1603 603 1643 necesse
635 1591 688 1656 est,
718 1582 799 1663 quod
826 1584 998 1646 Pacuvium
1032 1582 1162 1663 quodam
1194 1584 1282 1643 modo
1315 1604 1381 1643 cnm
1406 1583 1458 1644 So-

107 1688 217 1768 phocle
240 1697 396 1769 comparat
418 1687 457 1747 de
480 1708 522 1748 or.
546 1687 597 1746 III
620 1689 649 1761 7,
674 1687 727 1749 27.
750 1688 780 1746 in
805 1708 864 1767 quo
886 1697 976 1769 poeta
999 1688 1070 1747 satis
1093 1696 1244 1748 versatum
1273 1708 1341 1746 eum
1368 1690 1459 1748 luisse

109 1794 215 1873 Lange
239 1793 371 1854 ostendit
393 1815 422 1873 p.
447 1794 499 1866 59,
526 1813 593 1851 cum
609 1799 675 1851 octo
698 1792 772 1851 locis
795 1792 911 1852 adeius
934 1791 1052 1851 fabulas
1070 1792 1220 1872 respiciat.
1245 1801 1337 1871 atque
1358 1792 1459 1871 plures

106 1907 177 1957 sunt
199 1918 316 1979 causac,
340 1897 378 1957 de
401 1897 509 1976 quibus
532 1905 638 1976 poetas
655 1897 723 1955 illos
738 1897 816 1957 iuter
839 1917 871 1957 se
886 1897 958 1955 licet
973 1916 1170 1976 componere:
1189 1897 1318 1976 primum
1336 1895 1457 1976 quidem

107 2004 138 2062 in
161 1995 298 2083 plurimis
320 2003 431 2063 tabulis
454 2003 604 2062 Pacuvius
627 2001 807 2081 Sophoclem
839 2000 894 2061 sibi
919 2009 1118 2082 proposuerat
1149 2001 1343 2076 imitandum;
1378 2010 1459 2061 certe

105 2118 139 2168 ut
161 2107 325 2189 Sophocles
348 2109 390 2168 sic
413 2108 504 2167 ctiam
526 2106 678 2166 Pacuvius
701 2105 947 2191 ἀναγνωρισμῷ,
973 2127 1063 2185 quem
1086 2107 1199 2181 dicunt,
1223 2126 1315 2188 saepe
1337 2106 1460 2165 videtur

106 2214 241 2274 effecisse
272 2214 400 2273 actionis
431 2212 645 2296 περιπέτειαν,
657 2211 676 2284 ¹)
709 2210 819 2271 deinde
847 2231 863 2270 c
891 2210 1040 2291 Sophocle
1072 2211 1202 2292 plurima
1237 2193 1356 2271 videtur
1382 2232 1459 2271 snm·

106 2319 203 2397 psisse
219 2326 404 2397 argumenta,
428 2316 569 2396 deniqne,
585 2325 619 2375 nt
638 2317 698 2375 iam
715 2315 753 2375 ad
769 2324 893 2375 externa
908 2317 1038 2388 veniam,
1063 2336 1142 2395 qnae
1163 2336 1234 2376 saue
1250 2325 1319 2376 suut
1333 2315 1458 2388 leviora,

106 2431 209 2482 tamen
232 2423 291 2482 hnc
313 2444 375 2483 nna
396 2442 445 2482 res
467 2429 566 2503 potest
588 2420 706 2480 referri:
731 2429 891 2499 utrumque
918 2426 1040 2500 poetam
1074 2418 1211 2480 videmus
1245 2419 1283 2479 ad
1315 2441 1459 2480 summam

107 2547 204 2608 nsque
227 2536 412 2587 senectutem
435 2528 527 2586 animi
552 2526 686 2603 vigorem
714 2525 873 2584 retinuisse
902 2534 932 2585 et
959 2525 1144 2584 alacritatem
1171 2526 1270 2599 (Brut.
1296 2528 1346 2598 64,
1372 2522 1458 2606 229).

11 2682 12 2696 .
106 2631 212 2693 Cicero
236 2654 296 2693 uno
319 2632 441 2708 quidem
465 2634 540 2703 loco,
565 2632 657 2690 'l'usc
681 2630 714 2688 II
739 2632 790 2703 21,
814 2631 855 2689 48
876 2648 942 2709 sqq.
961 2650 998 2689 cx
1023 2630 1179 2709 utriusque
1196 2637 1303 2708 poetae
1321 2628 1458 2708 ‘Niptris’

108 2758 249 2797 scaenam
287 2737 439 2818 quandam
476 2733 641 2816 respiciens
674 2734 841 2794 Pacuvium
874 2731 948 2793 dicit
980 2734 1135 2793 meliorem
1167 2733 1270 2793 iniisse
1309 2734 1458 2793 rationem

109 2863 200 2921 qnam
224 2842 414 2922 Sophoclem,
452 2840 535 2920 apud
573 2859 662 2919 quem
699 2838 805 2898 Ulixes
844 2857 990 2919 perquam
1028 2837 1169 2897 flebiliter
1205 2837 1389 2897 lamentetur
1428 2841 1459 2897 iu

106 2947 242 3006 volnere.
275 2966 333 3026 qua
367 2948 399 3006 in
427 2965 460 3004 rc
482 2964 542 3004 non
564 2951 627 3002 tam
650 2942 778 3002 Pacuvii
801 2950 896 3001 artem
918 2941 1063 3021 tragicam
1086 2939 1192 2999 laudat
1215 2961 1304 3020 quam
1331 2940 1459 3022 pruden-

105 3054 191 3115 tiam.
224 3052 392 3130 ‘intellegit’
416 3040 516 3129 inquit
539 3054 638 3129 ‘poeta
666 3047 799 3127 prudens
823 3046 938 3106 ferendi
972 3045 1083 3105 doloris
1117 3046 1363 3105 consuetudinem
1395 3067 1459 3107 csse

107 3178 169 3217 non
194 3154 443 3216 contemnendam
467 3150 659 3233 magistram'
688 3161 719 3212 et
746 3150 932 3211 celebratum
960 3170 1025 3236 ¹csse
1053 3149 1091 3208 ab
1120 3151 1190 3209 artis
1218 3150 1460 3210 aestimatoribus

107 3262 274 3321 Pacuvium
306 3269 411 3340 utpote
442 3268 564 3341 poetam
596 3258 716 3319 doctum
752 3264 846 3316 testes
883 3265 952 3315 sunt
985 3255 1060 3315 Hor.
1084 3255 1165 3333 Epp.
1190 3254 1223 3313 Il
1261 3260 1288 3328 1,
1322 3256 1362 3314 55
1402 3274 1458 3334 sq.,

108 3366 215 3440 Quint.
239 3366 271 3425 X
298 3371 325 3446 l,
358 3367 410 3426 97.
444 3385 534 3444 quam
558 3363 680 3444 quidem
701 3382 764 3421 rem
787 3361 839 3419 alii
862 3361 950 3420 aliter
972 3360 1158 3440 interpretati
1181 3356 1289 3437 sunt.²)
1327 3357 1380 3418 ssd
1404 3359 1461 3418 hoc

101 3471 184 3531 nihil
203 3470 246 3530 ad
268 3491 334 3531 nos.
358 3468 612 3550 progrediendum
635 3470 715 3527 enim
738 3465 843 3527 estad
868 3465 938 3539 alia,
964 3483 1043 3543 quac
1067 3471 1171 3524 extant
1188 3460 1269 3543 apud
1282 3460 1458 3523 Ciceronem

107 3576 148 3635 de
163 3576 309 3650 Pacuvio,
325 3576 446 3636 iudicia.
463 3584 554 3653 atque
570 3572 621 3633 Or.
637 3575 737 3648 11,36
750 3572 894 3651 legimns:
918 3568 979 3629 ‘sed
998 3571 1029 3629 in
1046 3568 1125 3627 omni
1145 3588 1177 3627 re
1196 3567 1404 3627 difficillimum
1416 3579 1460 3625 eet

106 3683 244 3755 formam,
279 3683 331 3761 qui
352 3680 514 3764 χαρακτήρ
539 3677 655 3738 Graece
684 3677 799 3750 dicitur,
838 3695 990 3756 exponere
1019 3675 1135 3755 optimi,
1168 3672 1248 3751 qnod
1281 3672 1364 3731 aliud
1394 3673 1460 3732 aliia

104 3786 229 3845 videtur
251 3787 395 3867 optimum
420 3828 558 3846 .....
583 3782 718 3842 Pacuvio
742 3776 906 3865 (delector)
930 3780 1029 3859 inquit
1043 3779 1131 3853 alius,
1156 3796 1259 3838 omnes
1282 3777 1364 3858 apud
1380 3776 1460 3835 hunc

106 3893 207 3951 ornati
229 3890 439 3972 elaboratique
461 3898 530 3949 sunt
553 3887 678 3949 versus?
707 3885 787 3966 quod
816 3906 835 3944 a
858 3885 1007 3945 Teuffelio
1039 3904 1069 3963 p.
1096 3885 1136 3942 14
1170 3882 1208 3942 ad
1240 3881 1271 3940 id
1294 3882 1325 3941 iu
1357 3881 1460 3961 primis

105 3998 244 4071 refertur,
269 3997 350 4076 quod
373 4016 478 4057 versus
502 3994 670 4054 Pacuviani
692 3993 771 4052 bene
793 3990 975 4051 defluxerint
998 3999 1089 4070 atque
1112 4006 1278 4048 numerose.
1303 3986 1357 4046 scd
1379 3985 1460 4045 haud

106 4104 171 4163 scio
200 4123 239 4161 an
267 4111 348 4162 recte
371 4110 544 4173 statuamus,
578 4100 603 4158 si
626 4097 702 4157 illud
734 4097 833 4156 ornati
866 4096 1032 4155 referamus
1063 4094 1102 4153 ad
1134 4093 1333 4153 elocutionem
1364 4091 1460 4171 ipsam

108 4209 257 4269 orationis
280 4207 464 4267 ornamentis
487 4205 667 4278 distinctam,
691 4203 732 4261 ita
748 4210 781 4260 nt
794 4200 896 4260 verbis
913 4200 974 4259 illis
988 4220 1006 4259 a
1020 4196 1165 4259 Cicerone
1179 4197 1259 4258 idem
1277 4198 1340 4256 fere
1363 4197 1448 4275 expri

104 4323 215 4387 matur,
240 4311 322 4392 qnod
345 4312 382 4372 de
405 4311 540 4370 Pacuvio
563 4308 635 4368 dicit
656 4307 753 4367 Varro
780 4304 860 4387 apud
884 4303 965 4364 Gall.
993 4304 1040 4364 VI
1067 4306 1116 4377 14,
1141 4306 1170 4374 6,
1200 4301 1371 4381 exemplum
1396 4320 1461 4361 esse

213 4453 233 4519 ¹)
252 4450 293 4503 01.
313 4450 346 4501 G.
364 4449 391 4501 S.
409 4447 514 4499 Teuffel
533 4446 621 4499 ‘anc
641 4445 716 4510 Stat,
735 4444 809 4507 Pac,
825 4443 890 4507 Ata,
908 4441 1020 4506 hiran),
1037 4457 1063 4507 p.
1083 4442 1107 4503 6,
1128 4441 1160 4490 10
1178 4456 1218 4505 sq.

213 4536 236 4608 ²)
254 4538 294 4589 Ol.
315 4536 419 4587 nenas!
437 4553 463 4602 p.
482 4538 524 4587 16.
