3300 5059
185 238 226 295 26

183 430 284 509 θαῦμ’
301 427 498 490 trifaciare
512 422 627 508 dabam
643 422 813 507 c)XV183
830 424 933 506 κούρη
948 426 994 501 di,
1008 424 1030 504 ἣ
1045 423 1107 485 σὺν
1121 424 1228 507 ματρὶ,
1243 419 1389 484 xvssr‘t
1404 426 1569 508 βούλαν,

184 533 227 595 ἂν
242 531 303 595 οὐκ
316 535 423 608 ἄλλος,
438 531 535 590 XXII
551 532 594 589 57*
607 529 754 612 θαροέω,
763 528 855 591 ’κούκ
874 527 911 590 ἐκ
925 536 982 590 σεῦ
997 548 1048 609 με,
1064 529 1105 586 68
1121 525 1273 609 δαιμόνι’,
1295 529 1366 592 οὐδ’
1376 528 1419 591 ἂν
1432 530 1568 606 τοῦδε,

186 639 226 696 63
241 637 383 718 γνώσεαι
405 638 438 698 εἴ
448 650 521 698 οευ·
537 633 642 710 δῖψος,
664 631 757 692 XXV
774 635 813 692 81
826 631 902 715 ,ᾔδει
924 631 965 710 δ’,
987 629 1014 716 ᾧ
1036 651 1071 694 τε
1092 628 1172 715 χρή,
1188 635 1249 691 177
1263 635 1324 695 εἴπ’
1335 636 1393 715 άγε
1407 643 1477 696 νῦν
1493 656 1565 715 μοι

185 747 326 823 πρῶτον.
364 741 520 799 rarissime
543 737 650 797 'thesis
686 735 821 816 spondei
847 737 880 794 in
910 735 990 815 pede
1022 737 1154 797 secundo
1185 737 1296 797 vocula
1329 734 1562 818 monosyllaba

187 845 325 918 efficitur,
360 863 436 924 quae
469 844 507 902 ad
537 825 641 902 rocam
671 862 881 922 praegressum
908 844 1092 920 plusunam
1116 842 1279 922 syllabam,
1292 843 1493 903 exhibentem
1521 867 1560 904 se

182 948 328 1028 adplicet,
351 949 383 1007 id
407 948 486 1028 quod
510 949 605 1008 semel
625 947 660 1008 fit
679 945 881 1026 praededente
896 947 1029 1026 dactylo,
1052 947 1125 1006 147
1141 945 1203 1009 τὰν
1226 940 1334 1028 ὀλίγος
1354 957 1562 1032 τιςκῶρος,

185 1053 232 1112 bis
254 1053 454 1132 praecedente
477 1051 621 1130 spondeo,
646 1051 725 1130 quod
748 1051 841 1130 paulo
862 1045 966 1110 durius
982 1059 1042 1110 est:
1065 1050 1144 1109 VIII
1157 1054 1195 1109 51
1214 1049 1251 1114 ἐν
1264 1053 1351 1136 τήνῳ
1366 1053 1430 1134 γὰρ
1445 1061 1562 1134 τῆνος

186 1158 257 1234 (boc
280 1156 425 1216 exhibent
439 1156 546 1230 codd„
570 1156 727 1216 Fritnsche
748 1157 953 1216 econiectura
976 1149 1096 1235 scripsit
1118 1154 1155 1218 ἐν
1176 1156 1286 1238 τήνοις
1306 1155 1435 1238 τῆνος),ἶ
1451 1159 1490 1216 X
1509 1160 1556 1217 37

185 1256 384 1342 άφοννάδὲ
405 1262 557 1344 τμύχνος.Ι
575 1261 629 1320 scd
652 1269 778 1341 uterque
800 1255 907 1320 horum
930 1274 1073 1320 versuum
1095 1261 1200 1332 habet·
1222 1281 1282 1340 quo
1305 1271 1484 1336 excusetur3
1519 1263 1555 1319 in

185 1366 285 1444 priore
303 1365 389 1423 'enim
409 1362 550 1444 repetitio
574 1367 657 1424 vocis
679 1373 777 1446 τῆνος
787 1367 822 1424 -in
840 1385 961 1424 censum
975 1366 1072 1438 venit,
1088 1367 1120 1424 in
1137 1366 1232 1446 altero
1248 1372 1358 1438 autem,
1376 1362 1435 1444 quo
1453 1355 1553 1425 Bom-

185 1471 280 1553 byces
303 1471 504 1548 proprietates
527 1491 546 1529 a
568 1471 658 1528 Batto
681 1463 900 1543 describuntur,
917 1461 1018 1529 'verba
1040 1469 1062 1530 ἁ
1084 1469 1181 1550 φωνὰ
1203 1469 1240 1532 δέ
1262 1469 1446 1551 respondent
1463 1479 1553 1529 ante*

187 1573 374 1633 cedentibus
393 1573 426 1636 οἱ
446 1573 508 1656 μὲν
529 1574 628 1647 πόδες
652 1583 681 1632 et
704 1574 900 1653 sequentibus
915 1573 974 1635 τὸν
989 1574 1055 1654 μὰν
1068 1564 1203 1654 τρόπον.
1227 1573 1307 1632 haud
1322 1576 1457 1653 genuina
1473 1596 1552 1634 vero

187 1678 305 1740 videtur
328 1698 395 1738 esse
418 1673 573 1758 scripture
588 1679 620 1738 iu
644 1698 668 1735 c.
686 1677 759 1736 dub.
774 1678 888 1740 XXIII
904 1681 944 1738 42
962 1677 1002 1740 οὐ
1026 1678 1168 1759 δύναμαι
1192 1680 1257 1758 ζῆν,
1280 1681 1345 1759 εἴγε
1367 1675 1555 1752 διαλλάξεις

186 1784 226 1862 με’
242 1783 390 1863 φιλάσας,
406 1781 459 1841 ubi
474 1783 582 1842 incisio
598 1791 667 1861 post
682 1783 791 1861 pedem
801 1783 936 1841 alterum
950 1772 1192 1860 interpunctione
1205 1781 1308 1841 adiuta
1319 1781 1480 1842 offensioni
1490 1791 1548 1841 est.

186 1887 336 1966 reperitur
360 1886 481 1966 quidem
506 1888 596 1945 otiam
617 1888 649 1944 in
672 1907 723 1945 vv.
739 1886 769 1945 V
784 1879 826 1946 44
843 1896 873 1945 et
887 1886 967 1945 XIV
983 1876 1020 1945 51
1047 1895 1116 1965 post
1135 1885 1222 1964 pedis
1239 1886 1363 1946 secundi
1378 1886 1549 1964 spondeum

186 1991 402 2068 interpunctio,
427 1990 480 2050 sed
493 1987 765 2062 ¹borum'locorum
788 2011 911 2070 prorsus
935 1991 994 2048 alia
1018 1999 1064 2049 est
1086 1999 1204 2054 natura
1228 2010 1264 2048 ac
1284 1988 1323 2048 de
1338 1991 1438 2069 priore
1454 2011 1549 2069 supra

186 2092 479 2167 verbafeci;alte1·o
493 2103 557 2156 νῦν
572 2093 608 2156 δὲ
623 2090 745 2174 πόθεν,
759 2103 833 2176 μῦς,
849 2093 947 2176 φαντὶ
966 2095 1123 2173 Θυώνιχε,
1137 2093 1283 2175 γεάμεθα
1296 2095 1414 2168 πίσσας
1422 2095 1550 2173 gravius

186 2198 411 2276 interpungitur
433 2199 464 2256 in
488 2197 613 2257 caesura
633 2185 842 2258 semiternaria
858 2189 957 2278 neque
972 2218 1035 2257 vox
1045 2206 1112 2279 μῦς
1126 2219 1145 2256 a
1160 2198 1357 2276 sequentibus
1374 2197 1546 2277 separanda

187 2309 247 2361 est.v
267 2311 398 2360 ceterum
419 2303 451 2361 in
467 2303 626 2362 versuillo
643 2304 783 2364 carminis
795 2302 918 2363 XXIII.
942 2303 1002 2380 ipsi
1016 2303 1087 2363 libri
1102 2322 1194 2361 manu
1209 2302 1323 2381 scripti,
1340 2312 1374 2360 ut
1389 2301 1548 2361 recedatur

187 2427 206 2465 a
228 2407 363 2466 lectione.
382 2406 508 2484 vulgata
524 2423 564 2466 cx
581 2407 649 2466 edit
671 2407 794 2466 Iuntina
809 2399 954 2486 prolecta,
978 2407 1117 2480 suadent,
1141 2426 1209 2465 cum
1225 2405 1385 2466 verborum
1401 2407 1466 2486 ζῆν·
1482 2409 1548 2488 εἴγε

187 2510 256 2570 loco
283 2513 332 2573 εἴν
361 2527 397 2573 σε
424 2511 600 2591 praebeant.
633 2513 819 2572 coniecturas
843 2532 925 2586 vero,
959 2532 1034 2590 quas
1065 2511 1105 2570 ad
1126 2511 1206 2570 hunc
1227 2531 1348 2570 versum
1372 2519 1418 2569 sat
1432 2511 1548 2571 multas

186 2624 216 2672 et
239 2616 346 2674 varias.
361 2617 421 2674 viri
444 2615 524 2674 docti
545 2617 744 2696 protulerunt,
768 2617 925 2695 congessit·
942 2617 975 2674 in
999 2616 1131 2674 editione
1154 2615 1268 2674 maiore
1291 2606 1457 2674 Fritnsche.

273 2719 323 2777 Ex
340 2718 493 2793 uersibus,
525 2721 557 2780 in
589 2720 699 2799 quibus
729 2721 837 2780 incisio
855 2730 934 2800 post
961 2721 1086 2779 alterius
1113 2721 1201 2800 pedis
1225 2719 1545 2798 spondeumudmissa

186 2841 293 2881 vocem
311 2823 436 2884 duarum
450 2821 647 2903 velplurium
664 2824 850 2903 syllabarum
861 2826 990 2903 excipit,
1007 2825 1136 2903 primum
1155 2825 1176 2882 ii
1192 2823 1279 2882 haud
1289 2823 1417 2882 multum
1434 2822 1543 2882 habent

188 2927 372 3002 offensionis,
397 2930 429 2986 in
452 2928 560 3007 quibus
585 2929 623 2987 ad
645 2949 751 2989 vocem
774 2930 859 2987 illam
882 2930 932 2986 rel
956 2929 1114 2987 encliticae
1138 2928 1188 2986 vel
1210 2927 1258 2985 his
1282 2927 1395 2986 similes
1420 2928 1540 2986 voculae

189 3052 222 3092 se
245 3032 415 3110 adplicant:
444 3033 472 3104 α)
497 3033 526 3092 V
550 3035 591 3092 68
616 3041 722 3096 croada
745 3032 773 3095 δ’
791 3030 874 3095 ὀκτὼ
897 3033 968 3113 μέν,
997 3033 1037 3090 68
1060 3030 1295 3113 βουκολιαστάς
1316 3014 1394 3106 ἐστι,
1417 3033 1457 3090 86
1479 3040 1541 3112 φεῦ

188 3146 252 3218 φεῦ
277 3138 398 3200 Λάκων
418 3156 482 3214 τοι,
511 3141 551 3198 92
575 3137 699 3206 ἀλλὀὐ
723 3138 873 3219 σύμβλητ
891 3134 969 3212 ἐστί,
1001 3126 1308 3216 111ὀάτωςχνμές
1329 3138 1406 3215 θην,
1437 3134 1481 3193 VI
1502 3137 1540 3192 29

189 3238 315 3321 otyu'd'
331 3239 481 3303 ὑλακτεῖν
503 3260 571 3315 νιν;
600 3243 630 3299 in
655 3262 685 3299 v.
709 3241 788 3300 VIH
811 3242 863 3313 91,
894 3240 947 3298 ubi
969 3241 1094 3317 vulgata
1116 3241 1205 3300 lectio
1228 3240 1304 3298 haec
1326 3247 1386 3298 est:
1416 3238 1539 3321 ὥτερος,

191 3343 276 3405 οὕτω
300 3343 358 3405 καλ
376 3345 490 3425 νύμφα
511 3347 677 3425 prunastr
701 3343 864 3424 ἀκάχοιτο,
886 3344 968 3404 haud
990 3346 1053 3404 scio
1076 3366 1115 3403 un
1137 3346 1202 3402 iure
1218 3343 1336 3401 Ahrens
1360 3351 1390 3400 et
1405 3343 1537 3401 Meinelro

192 3447 401 3506 Hermannum
430 3449 525 3507 secuti
547 3468 601 3527 pro
629 3448 683 3510 καὶ
705 3450 893 3508 restituerint
915 3470 967 3526 κα,
989 3447 1069 3527 quod
1091 3448 1257 3526 repositum
1281 3447 1374 3505 artius
1397 3446 1435 3505 ad
1457 3467 1537 3528 vocas

191 3552 294 3612 bulum
321 3551 426 3627 οὕτως
455 3573 487 3612 sc
515 3553 658 3632 adplicat.
688 3553 745 3613 hac
767 3555 975 3613 immutatione
999 3555 1091 3612 etiam
1114 3553 1286 3633 difficultas,
1311 3572 1401 3630 quam
1423 3551 1538 3630 praebet

191 3657 345 3735 optativus
368 3655 532 3736 ἀκάχοιτο,
555 3658 607 3737 qui
623 3659 770 3737 particula
786 3661 829 3720 άν
844 3659 894 3716 vel
910 3659 1001 3716 simili
1017 3666 1099 3716 caret
1107 3655 1141 3738 ¹),
1162 3657 1293 3730 tollitur;
1317 3655 1441 3728 accedit,
1465 3655 1534 3734 quod

191 3761 330 3820 voculam
362 3762 425 3834 καί,
461 3782 538 3840 quae
571 3782 637 3821 cum
670 3763 866 3841 sequentibus
898 3782 1017 3840 semper
1049 3762 1198 3820 artissime
1230 3761 1372 3820 cohaeret
1398 3779 1536 3838 quamquo
1618 3836 1619 3839 Ἴ

192 3866 355 3924 Hoffmann
363 3865 387 3942 Ἰ)
410 3865 490 3925 haud
505 3866 617 3925 iniuria
633 3867 765 3926 omnium
781 3866 1076 3947 προκλιτικωτάτην
1091 3866 1234 3943 adpellat,
1258 3865 1289 3922 in
1305 3873 1368 3922 toto
1385 3865 1535 3923 Theocrito
1618 3912 1619 3915 ,

186 3971 302 4030 trustra
324 3971 356 4028 in
379 3971 440 4030 arsi
462 3954 552 4028 tortia
567 3972 747 4050 insequente
770 3991 893 4031 caesura
917 3970 1132 4048 semiquinaria
1148 3969 1335 4048 quaesiveris
1343 3966 1384 4047 3);
1412 3966 1440 4049 b)
1455 3969 1484 4025 H
1497 3971 1531 4025 38

190 4073 283 4156 ήνίδε
305 4082 379 4158 σιγῇ
400 4073 461 4156 μέν
485 4070 631 4159 (ceterum
653 4075 703 4135 hic
718 4096 823 4134 versus
848 4095 944 4153 aeque
964 4094 1000 4167 ac
1014 4095 1044 4133 v.
1055 4074 1085 4133 V
1101 4075 1142 4134 58
1158 4073 1313 4152 anaphora
1329 4080 1375 4132 est
1389 4066 1532 4153 insignis);
1618 4068 1619 4077 ’

214 4387 218 4391 ⁴
281 4319 300 4384 ¹)
320 4319 359 4368 Cf.
379 4335 448 4386 quae
467 4321 590 4386 exposuit
606 4319 692 4369 Hiller
710 4319 745 4368 ad
762 4335 787 4368 v.
806 4319 873 4368 VIII
890 4320 933 4368 20.

244 4455 248 4462 s
280 4405 300 4472 ²)
321 4406 360 4456 cf.
372 4407 499 4473 'Quaestt
519 4408 627 4457 Homer.
646 4423 670 4471 p.
689 4409 713 4456 7.

280 4492 300 4555 ³)
321 4492 360 4542 cf.
378 4494 447 4544 infru
466 4511 490 4561 p3
509 4496 552 4558 42,
571 4497 612 4546 61.
