3300 5059
1414 221 1474 281 143

121 406 341 491 Sophoclisque
368 400 497 472 editores
525 411 556 470 in
583 411 749 489 tragoediis
776 410 969 471 recensendis
997 410 1076 470 hanc
1102 411 1250 471 rationem
1278 414 1375 473 secuti
1396 425 1475 489 sunt,

117 524 151 577 nt
161 516 235 575 etin
245 517 367 596 stropha
379 518 448 576 etin
463 517 652 596 antistropha
666 515 705 581 ad
721 517 862 577 amussim
877 515 971 597 pedes
987 518 1066 576 inter
1081 536 1114 577 se
1128 517 1312 597 respondere
1325 518 1474 579 iuberent.

119 642 179 701 qua
200 640 234 681 re
255 622 369 681 factum
391 630 447 702 est,
469 631 504 682 ut
525 622 675 682 liberioris
698 621 780 681 illius
803 621 1007 701 responsionis
1029 621 1090 680 iam
1112 642 1151 682 ne
1173 621 1279 683 umbra
1299 623 1421 704 quidem
1437 626 1477 684 sit

120 725 236 785 relicta.
262 747 317 806 ego
340 746 413 786 vero
437 727 513 786 nihil
536 726 702 806 desperans
726 725 843 786 dehac
867 746 900 785 re
923 725 962 785 ad
978 746 1029 786 eos
1044 727 1232 805 potissimum
1247 727 1329 788 locos
1345 728 1477 789 animum

121 831 266 910 adplicui,
291 832 342 911 qui
358 852 413 911 per
435 852 467 891 se
482 832 633 893 sanissimi
655 833 761 890 unius
784 832 892 890 metri
914 850 1023 890 causa
1046 852 1064 889 a
1087 832 1198 892 criticis
1222 840 1292 893 sunt
1309 834 1424 908 vexati,
1448 840 1478 893 et

121 955 189 994 cum
211 936 342 1016 primum
364 936 396 994 in
417 957 484 996 cam
499 957 562 996 rem
581 937 734 1016 inquisivi,
757 936 942 1015 paucissima
958 934 1116 995 dumtaxat
1131 937 1281 1017 exempla,
1306 957 1383 1016 quae
1399 958 1479 998 nunc

123 1042 246 1121 quidem
268 1041 442 1123 rhythmica
465 1061 567 1101 eorum
591 1050 740 1101 structura
762 1060 824 1100 non
847 1041 1003 1100 intellecta
1024 1042 1206 1101 coniecturis
1229 1062 1374 1121 oppressa
1396 1051 1476 1119 sunt,

123 1146 256 1207 enotavi.
286 1146 341 1206 sed
368 1166 436 1206 cum
463 1147 570 1206 iterum
600 1147 770 1226 iterumque
799 1146 925 1205 canticis
955 1146 1097 1225 perlectis
1131 1147 1338 1226 exemplorum
1369 1147 1477 1208 horum

123 1272 266 1311 numerus
290 1254 386 1331 magis
409 1254 567 1333 magisque
591 1260 784 1326 accresceret,
808 1272 870 1311 non
891 1253 977 1331 potui
1000 1273 1059 1312 uon
1084 1253 1187 1316 mirari
1210 1261 1255 1313 tot
1276 1250 1350 1313 locis
1368 1274 1476 1333 corpus

123 1357 315 1417 sanissimum
338 1358 489 1419 adfectum
508 1378 581 1419 esse
604 1358 778 1419 volneribus
803 1380 821 1417 a
848 1358 972 1418 medicis
995 1358 1070 1430 istis,
1100 1358 1152 1437 qui
1179 1358 1328 1417 liberioris
1356 1379 1480 1439 respon·

124 1464 218 1523 sionis
241 1472 380 1524 naturam
402 1484 462 1524 non
495 1472 719 1543 perspexerant,
752 1462 864 1524 inlatis.
905 1461 1063 1541 denuoque
1101 1462 1288 1540 perlustrans
1326 1460 1479 1522 hominum
1596 1462 1621 1511 ι

124 1566 280 1628 doctorum
309 1568 402 1629 lihros
434 1589 524 1628 verae
552 1568 706 1628 doctrinae
734 1566 865 1647 quodam
888 1566 977 1625 modo
1002 1575 1154 1625 auctorem
1185 1566 1291 1625 inveni
1323 1566 1479 1646 Apelium,

125 1674 177 1752 qui
219 1674 250 1732 in
294 1672 472 1734 Aetolorum
522 1676 697 1755 tragoediae
742 1694 815 1733 suae
867 1671 1037 1751 appendice
1085 1667 1263 1731 brevissime
1306 1672 1478 1731 adnotavit:
1558 1674 1566 1751 'h

125 1778 222 1852 ,Jede
245 1778 298 1839 der
319 1781 386 1839 vier
401 1782 531 1840 Formsn
555 1781 608 1840 der
629 1779 838 1840 trochaischen
854 1776 987 1855 Dipodie
1011 1772 1076 1859 (die
1097 1775 1307 1848 halrc'heische,
1332 1776 1477 1847 ionische,
1615 1845 1625 1862 .-

126 1883 289 1959 kretische,
324 1883 576 1968 choriambische)
604 1884 687 1945 kann
711 1886 751 1942 im
774 1882 870 1942 Verse
893 1882 948 1939 mit
972 1880 1079 1953 dieser,
1113 1881 1174 1939 und
1199 1879 1334 1958 folglich,
1359 1901 1404 1940 wo
1427 1880 1481 1940 der

126 1986 298 2049 Charalrter
321 1989 373 2050 des
398 1991 507 2051 Verses
530 1990 615 2050 nicht
632 1990 690 2049 'das
714 1988 897 2048 Fortltihren
922 1988 1006 2045 einer
1029 1985 1219 2045 bestimmten
1241 1986 1333 2044 Form
1355 1984 1479 2060 fordert,
1626 1973 1630 1980 ’

125 2095 180 2153 mit
204 2094 295 2173 jeder
322 2095 435 2155 andern
459 2097 549 2155 Form
577 2094 630 2154 der
656 2092 866 2154 trochiischen
890 2089 1201 2169 Zusammenaiehung
1223 2090 1284 2148 und
1308 2089 1482 2170 Anflhsung
1543 2098 1547 2107 '

126 2199 290 2261 wechseln’
326 2202 368 2279 (p.
394 2198 482 2283 174).
516 2199 623 2281 quibus
656 2220 727 2259 mox
755 2198 831 2258 haec
868 2197 953 2256 addit
979 2194 1087 2255 verba:
1124 2199 1216 2268 ,Dass
1255 2194 1305 2253 die
1328 2196 1480 2255 Kenntnis

126 2304 180 2364 der
202 2304 439 2366 verschiedenen
462 2306 593 2365 Formen
611 2305 699 2384 jeder
722 2304 929 2382 Versgattung
951 2301 1029 2360 auch
1053 2299 1176 2359 auidis
1200 2298 1305 2359 Kritilr
1329 2298 1382 2359 der
1405 2302 1482 2359 anti·
1505 2315 1507 2318 ·
1559 2313 1561 2318 “
1624 2299 1627 2303 ’

128 2410 339 2491 strophischen
350 2410 500 2490 Gesttnge,
516 2410 579 2470 und
595 2410 661 2470 ihre
671 2409 960 2485 Charakterisirung
974 2426 1033 2465 von
1050 2404 1270 2465 bedeutendem
1281 2406 1412 2466 llinfluss
1428 2407 1481 2478 sei,

128 2516 247 2576 scheint
269 2515 497 2576 einleuchtend’
517 2514 563 2599 (p.
583 2517 665 2589 188).
691 2514 832 2594 idemque
855 2513 888 2572 in
910 2510 1074 2590 tragoediis
1097 2511 1170 2582 suis,
1194 2530 1268 2589 quas
1292 2509 1329 2569 ad
1346 2518 1482 2570 veterum

130 2622 287 2703 exemplar
309 2621 435 2683 choricis
459 2621 600 2681 adhibitis
624 2620 721 2701 finxit,
744 2618 960 2698 respondentes
983 2618 1062 2675 inter
1084 2634 1117 2675 se
1139 2615 1211 2674 iecit
1233 2614 1288 2674 hos
1311 2635 1429 2688 versus;

666 2746 692 2784 e.
716 2745 741 2785 c.
765 2726 796 2784 in
819 2723 953 2783 Aetolis:

217 2854 249 2914 p.
275 2836 317 2895 70
340 2843 392 2895 str.
418 2833 560 2893 Sandtest
584 2831 624 2891 du
646 2831 740 2891 schon
763 2850 834 2889 vom
857 2828 1018 2888 lichtlosen
1042 2825 1146 2885 Thron
1219 2854 1446 2887 unwan„

330 2947 390 2999 ant.
415 2938 599 2998 Lichtlosem
624 2936 734 2998 Gebiet
757 2935 811 2994 der
833 2934 943 2994 Nacht.
1211 2936 1271 2989 'u-
1288 2960 1442 2990 mxc-

218 3065 251 3125 p.
274 3047 314 3104 28
338 3052 390 3106 etr.
413 3045 483 3103 Den
506 3044 639 3121 heiligen
663 3043 773 3101 Dieust
796 3039 901 3099 deiues
926 3037 1029 3096 Altars
1183 3086 1208 3095 -
1218 3063 1353 3095 meo-w
1365 3067 1412 3095 im
1425 3086 1450 3095 ..

330 3157 392 3209 ant.
415 3147 472 3208 Mit
493 3147 662 3227 segncnder
685 3145 775 3205 Hand
799 3144 852 3205 der
875 3142 1037 3216 Menschen
1061 3141 1161 3199 Brust.
1188 3140 1348 3198 -ss‘w-c
1364 3169 1449 3199 xo-
1621 3218 1629 3231 .

134 3264 304 3315 eveterum
327 3262 428 3314 autem
450 3254 613 3333 tragoediis
636 3252 807 3331 exemplum
835 3248 873 3310 ab
891 3231 1001 3327 Apelio
1024 3245 1157 3303 adlatum
1185 3263 1223 3302 ne
1246 3262 1339 3301 uuum
1363 3242 1484 3322 quidem
1620 3235 1633 3310 ςῖ

135 3360 285 3420 invenies.
310 3380 369 3439 quo
394 3358 515 3439 quidem
538 3359 636 3418 officio
660 3359 788 3438 primum
811 3356 947 3415 functum
972 3372 1036 3412 esse
1058 3348 1147 3409 video
1163 3348 1352 3407 Ludovicum
1370 3346 1485 3407 Beller·
1629 3420 1636 3445 k

136 3486 279 3524 mannum
307 3466 338 3523 in
362 3465 626 3537 commentatione,
669 3484 757 3543 quam
786 3462 823 3521 de
855 3461 958 3519 metris
986 3455 1143 3536 Sophoclis
1173 3460 1308 3513 veterum
1335 3451 1486 3533 rhythmi·
1571 3526 1574 3530 )
1627 3502 1631 3510 .

138 3590 239 3630 corum
264 3569 401 3629 doctrina
424 3570 613 3649 explicandis
636 3569 757 3651 scripsit
781 3565 895 3649 (progr.
921 3564 1033 3643 Gymo.
1063 3558 1258 3638 Leucophaei
1281 3557 1486 3617 Berolinensis

139 3673 248 3757 1864).
271 3696 301 3755 p.
319 3677 358 3737 29
375 3694 454 3755 sqq,
478 3676 526 3734 cui
550 3672 735 3752 adiungendi
758 3680 829 3731 suut
853 3670 976 3729 Freder.
995 3666 1168 3727 Goldmann
1190 3665 1223 3722 in
1248 3662 1367 3724 dissert.
1383 3663 1485 3741 inaug.

138 3781 189 3856 ,de
212 3779 418 3840 dochmiorum
440 3800 496 3840 usu
520 3774 712 3859 Sophocleo',
738 3777 827 3835 Halia
854 3767 948 3848 1867,
975 3794 1006 3854 p.
1030 3774 1072 3831 70
1097 3777 1127 3830 et
1150 3772 1200 3844 79,
1229 3768 1336 3828 Justus
1360 3765 1487 3827 Seehass

138 3884 187 3960 ,de
209 3906 353 3947 versuum
373 3885 537 3965 lyricorum
561 3882 641 3965 apud
666 3881 844 3961 Sophoclem
873 3875 1089 3957 responsione’,
1116 3873 1240 3954 Lipsiae
1265 3872 1360 3945 1880,
1392 3891 1423 3950 p.
1447 3872 1487 3929 28

139 4012 203 4071 sqq.
214 3990 249 4075 ¹).
260 3992 312 4051 sed
324 4012 389 4051 curn
400 3991 445 4050 illi
456 3989 613 4071 Sophoclis
623 3988 804 4069 paucissima
820 3985 886 4061 (vix
901 3983 1003 4043 decem
1017 3978 1098 4060 apud
1110 3998 1161 4039 eos
1170 3972 1333 4057 invenias),
1341 3973 1488 4053 Aeschyli

228 4256 248 4322 ¹)
267 4256 308 4307 Ne
327 4256 391 4323 quid
410 4255 520 4306 silentio
539 4258 683 4315 transeam,
701 4253 744 4301 hic
764 4248 915 4300 adscribam
927 4246 1017 4309 verba,
1037 4257 1108 4309 quae
1125 4244 1153 4291 in
1166 4238 1275 4304 Borgkii
1294 4236 1406 4285 historia
1418 4234 1490 4285 litte·

143 4360 231 4395 rarum
251 4344 291 4394 111
311 4343 447 4406 tuanen.
468 4344 519 4393 500
543 4341 683 4408 leguntur:
713 4337 858 4403 ,Zuwsilen
887 4334 996 4384 werden
1029 4328 1223 4381 verschiedene
1250 4322 1421 4375 Versformen
1448 4321 1490 4372 als

141 4433 321 4500 hequivalsnt
340 4432 497 4497 gebraucht,
517 4429 576 4479 eius
596 4426 724 4487 F'reiheit¹
744 4424 788 4475 die
811 4423 961 4474 besonders
980 4421 1031 4470 den
1049 4415 1198 4482 Logahdsn
1218 4414 1295 4477 eigcn
1313 4412 1355 4461 ist.
1378 4410 1490 4459 Ehenso

142 4521 307 4574 wechseln
325 4519 524 4586 synlropirte
543 4517 643 4567 Verre
663 4516 722 4565 mit
741 4513 836 4565 nicht
853 4510 1073 4577 synlropirten
1100 4506 1134 4554 in
1151 4498 1293 4569 strophe
1313 4497 1380 4548 und
1397 4497 1490 4548 Anti·
