3300 5059
192 218 254 277 886

192 407 335 465 ubertatis
349 406 381 464 in
397 404 617 481 linguaLatina
628 398 833 485 Pacuvium.¹)
848 401 885 461 de
904 402 960 459 1188
974 402 1074 479 igitur
1086 420 1119 459 re
1134 408 1247 460 rectam
1264 399 1401 459 videmus
1421 397 1538 461 (licere-
1631 458 1632 461 ,

160 495 162 498 V
193 531 261 571 uem
283 511 386 570 iniisse
407 509 597 590 sententiam,
621 508 748 567 fortasse
756 505 903 566 Varronis
927 505 1049 566 ductum
1072 506 1260 565 auctoritate.
1285 514 1376 585 atque
1400 505 1540 586 quoniam

194 616 393 676 elocutionem
409 614 570 693 attigimus,
594 611 736 693 deinceps
761 619 937 692 exponatur,
962 610 1034 690 quid
1050 611 1081 669 in
1104 610 1279 670 universum
1294 611 1422 670 senserit
1438 608 1541 670 Cicero
1631 652 1632 655 ¹

196 720 233 779 de
256 738 396 779 sermone
413 718 600 780 Pacuviano.
633 737 693 796 qua
723 718 754 774 in
777 736 810 775 rc
842 715 1038 796 disceptanda
1070 716 1171 795 magni
1205 716 1349 775 momenti
1383 723 1428 775 est
1459 714 1540 775 locus

195 826 247 883 ille
270 824 356 885 Bruti
380 825 430 895 74,
456 825 532 883 258:
556 820 661 881 ‘solum
685 820 805 900 quidem
831 864 970 883 .....
993 828 1023 879 81
1046 821 1131 899 qussi
1158 818 1389 880 fundamentum
1417 820 1540 880 oratoris

194 929 281 989 vides
308 929 489 988 locutionem
522 925 712 986 emendatam
751 934 781 984 et
815 925 965 999 Latinam,
998 926 1082 985 cuius
1115 944 1210 1005 penes
1243 945 1317 1005 quos
1348 925 1415 989 laus
1447 922 1542 983 adbuc

194 1036 260 1107 tuit,
284 1054 345 1093 non
367 1034 426 1092 fuit
446 1032 583 1106 rationis,
608 1038 661 1089 aut
688 1030 843 1103 scientiae,
872 1028 924 1089 sed
954 1030 1040 1109 quasi
1066 1029 1164 1089 bonae
1188 1028 1421 1090 consuetudinis.
1456 1029 1540 1088 mitto

196 1138 229 1198 0.
253 1138 400 1210 Laelium,
424 1137 458 1195 P.
484 1136 668 1214 Scipionem:
692 1134 799 1193 aetatis
822 1134 903 1193 illius
925 1135 984 1193 ista
1007 1134 1064 1193 fuit
1086 1134 1152 1194 laus
1175 1144 1327 1214 tamquam
1351 1136 1541 1195 innocentiae

196 1246 238 1303 sic
252 1242 361 1301 Latine
375 1241 519 1320 loquendi
538 1274 575 1284 -
593 1259 650 1299 nec
666 1239 797 1299 omnium
813 1247 926 1312 tamen,
950 1259 1020 1299 nam
1041 1238 1165 1299 illorum
1182 1240 1325 1320 aequales
1342 1237 1545 1301 Caecilium

196 1356 231 1406 81
253 1347 453 1405 Ρ88811881
482 1343 580 1403 male
603 1344 748 1404 locutos
771 1342 908 1403 videmus
931 1377 973 1387 -
998 1342 1053 1402 sed
1076 1362 1180 1403 omnes
1206 1388 1345 1404 .....
1348 1340 1355 1367 ’
1382 1332 1543 1403 fuitenim

196 1461 324 1530 uterque
345 1451 533 1529 peregrinus,
557 1445 707 1508 Caecilius
730 1447 846 1523 Gallus,
876 1448 1028 1507 Pacuvius
1051 1447 1260 1522 Brundisinus,
1290 1467 1379 1526 quam
1414 1448 1451 1507 ad
1483 1468 1545 1506 rcrn

197 1556 323 1615 fortasse
345 1553 462 1613 adludit
484 1552 590 1613 Cicero
613 1554 656 1612 eis
680 1573 758 1632 quae
784 1552 983 1632 insequuntur
1010 1552 1126 1613 verbis:
1158 1550 1222 1613 ‘sed
1250 1572 1353 1613 omnes
1382 1562 1444 1611 tum
1473 1553 1547 1627 fere,

198 1661 328 1739 quince
351 1666 437 1717 extra
459 1656 563 1716 urbem
586 1656 663 1717 hanc
685 1658 834 1730 vixerant,
857 1676 913 1716 nec
936 1676 987 1717 eos
1010 1658 1112 1735 aliqua
1135 1656 1290 1717 barbaries
1313 1655 1478 1716 domestica
1500 1657 1546 1716 in·

196 1767 376 1836 fuscaverat,
399 1771 479 1822 recte
501 1759 722 1842 loquebantur!
751 1770 842 1842 atque
865 1763 999 1841 profecto
1021 1762 1147 1822 multum
1171 1761 1225 1822 sibi
1253 1761 1311 1821 hec
1343 1763 1372 1820 in
1396 1782 1429 1821 re
1451 1762 1548 1833 Pacu·

197 1869 279 1928 vium
301 1867 461 1927 indulsisse
476 1868 526 1926 vel
547 1866 676 1927 frustula
694 1866 749 1926 illa
766 1866 935 1940 ostendunt,
960 1887 1036 1942 quae
1051 1888 1070 1926 a
1085 1867 1286 1945 grammaticis
1302 1868 1464 1926 memoriae
1479 1877 1550 1925 sunt

197 1972 324 2052 prodita.
348 1992 447 2051 neque
469 1992 541 2031 vero
565 1972 696 2031 alienum
719 1972 783 2031 fore
805 1980 887 2051 puto,
912 1972 937 2031 si
960 1969 999 2030 ad
1022 1970 1164 2031 iudicium
1187 1970 1264 2029 illud
1287 1968 1441 2031 Ciceronis
1468 1992 1547 2031 com·

198 2076 385 2157 probandum
407 2076 546 2157 exempla
568 2076 728 2135 locutionis
752 2076 946 2135 Pacuvianae
970 2096 1137 2155 congeram.
1162 2096 1198 2133 ac
1218 2076 1347 2153 primum
1371 2074 1493 2155 quidem
1512 2076 1551 2137 de

198 2182 441 2241 substantivis
458 2181 483 2240 si
499 2200 688 2260 quaeramus,
699 2201 808 2260 magna
823 2182 953 2241 occurrit
966 2182 1054 2259 copia
1069 2200 1170 2240 eorum
1187 2182 1218 2239 111
1234 2188 1291 2239 tas
1307 2182 1357 2241 vel
1375 2180 1457 2239 tudo
1474 2181 1552 2241 desi-

198 2286 342 2360 nentium,
366 2305 484 2365 quasa
506 2306 581 2366 puro
605 2305 742 2344 sermone
765 2294 834 2345 sunt
850 2285 965 2344 aliena:
989 2306 1018 2343 v.
1044 2286 1085 2343 58
1109 2286 1144 2343 R.
1170 2285 1304 2361 tristitas,
1328 2286 1368 2345 58
1385 2286 1554 2359 famulitaa,

201 2392 264 2450 109
287 2390 479 2462 unanimitas,
507 2392 565 2450 161
585 2389 708 2463 81111188,
731 2389 953 2467 grandacuitas,
980 2391 1040 2448 178
1058 2388 1244 2462 discorditas,
1271 2391 1332 2448 188
1351 2388 1551 2465 concorditer,

200 2497 262 2555 898
283 2494 435 2567 timiditas,
461 2475 522 2554 301
540 2493 710 2569 desertitas;
735 2504 797 2553 tum
821 2497 881 2554 186
898 2494 1054 2568 vanitudo,
1080 2496 1141 2554 187
1154 2492 1351 2572 prolixitudo,
1378 2495 1438 2555 149
1454 2503 1551 2553 teme·

200 2600 306 2675 ritudo,
333 2601 394 2659 164
415 2600 569 2671 anxitudo,
594 2601 656 2658 847
672 2600 819 2673 lenitudo,
845 2598 1011 2673 mollitudo,
1030 2600 1090 2660 313
1114 2596 1287 2678 paenitudo.
1312 2597 1429 2657 accedit
1445 2600 1554 2659 ‘itiner'

201 2708 299 2765 forma
321 2705 499 2764 nominativi
522 2705 589 2764 vice
612 2713 754 2783 usurpata
777 2713 808 2763 et
831 2705 995 2764 accusativi
1021 2706 1071 2765 45.
1105 2706 1176 2764 181.
1202 2706 1273 2765 886.
1306 2702 1423 2777 deiude,
1449 2712 1483 2763 ut
1515 2704 1554 2763 ad

202 2810 431 2871 declinationem
453 2817 611 2882 transeam,
635 2807 896 2884 substantivorum,
920 2828 1046 2889 quorum
1068 2807 1436 2895 8111118818-8118818881,
1460 2828 1555 2887 gene-

201 2916 255 2975 tivi
283 2915 401 2975 numeri
422 2914 549 2993 pluralis
572 2914 748 2992 saepissime
769 2915 969 2974 terminantur
992 2914 1021 2973 in
1048 2934 1130 2973 -um:
1166 2915 1206 2973 34
1230 2933 1354 2987 armum,
1379 2914 1420 2972 43
1444 2934 1557 2993 paren-

202 3030 264 3080 tum
280 3020 427 3079 incertum
442 3018 683 3097 inuestigandum
700 3020 808 3097 gratia,
834 3022 875 3080 80
890 3020 1035 3078 1881818111
1052 3039 1159 3091 meum,
1185 3020 1223 3077 81
1244 3027 1356 3092 extum,
1373 3018 1555 3097 8811811811-

202 3136 402 3205 18111118888,
436 3126 497 3185 389
530 3123 669 3197 liberum,
705 3125 767 3184 335
803 3132 1021 3184 armamentum
1052 3122 1171 3196 stridor,
1205 3126 1265 3185 401
1305 3143 1405 3182 818818
1436 3124 1557 3182 8881881

203 3240 336 3311 pectora,
361 3230 422 3289 404
446 3228 537 3287 altrix
558 3236 639 3287 terra
662 3238 881 3309 exuperantum
896 3230 1005 3289 uirum.
1030 3248 1119 3307 quem
1141 3248 1227 3287 usum
1250 3246 1432 3307 quamquam
1450 3236 1559 3288 contra

206 3344 312 3415 poetas
344 3354 439 3393 novos
472 3332 607 3393 defendit
634 3334 767 3407 Tullius,
801 3344 901 3393 tamen
933 3334 965 3392 in
995 3333 1129 3392 Pacuvio
1161 3332 1252 3392 latius
1284 3332 1454 3412 dispersum
1490 3353 1560 3393 esse

207 3439 343 3498 adfirmat
359 3436 411 3497 Or.
434 3440 485 3510 46,
511 3439 587 3498 1551
613 3443 656 3496 ‘at
679 3438 732 3497 ille
754 3438 832 3497 alter
848 3433 1025 3519 (Pacuvius)
1043 3437 1074 3497 in
1098 3434 1214 3517 Chryse
1242 3456 1301 3497 non
1326 3438 1421 3497 solum
1445 3484 1454 3503 .
1481 3481 1490 3497 .
1517 3485 1524 3498 .
1553 3483 1560 3496 .

206 3544 361 3604 ‘maiorum
383 3542 504 3617 meum’,
529 3542 608 3622 quod
632 3551 698 3602 erat
720 3542 873 3614 usitatum,
907 3540 960 3601 sed
993 3541 1094 3601 durius
1126 3544 1220 3601 811818
1257 3542 1435 3616 ί8888111881,
1472 3546 1561 3615 88811,
1629 3536 1630 3539 '

206 3650 363 3725 augurium
386 3656 477 3729 atque
501 3656 603 3707 extum
626 3648 829 3726 interpretes'3
876 3645 1017 3726 idemque
1040 3648 1152 3726 pergit:
1183 3648 1353 3727 ‘postquam
1379 3646 1559 3728 prodigium

204 3754 392 3829 horriferum,
412 3755 587 3834 portentum
610 3750 725 3831 pauos’,
749 3772 828 3831 quae
851 3773 910 3812 8811
939 3772 1011 3812 8888
1033 3753 1156 3820 suntin
1180 3751 1318 3813 88811188
1340 3754 1454 3813 neutris
1470 3774 1561 3813 usur·

206 3859 298 3939 pata!
329 3867 392 3918 tum
417 3878 502 3918 casus
525 3858 710 3940 perfalsum
732 3866 765 3916 ut
787 3862 829 3917 ita
853 3856 952 3917 dicam
979 3857 1150 3936 analogiam
1183 3859 1305 3917 formati
1329 3875 1420 3937 saepe
1449 3858 1563 3918 admit·
1629 3878 1630 3885 ¹

209 3972 312 4022 tuctur
323 3964 353 4021 in
370 3962 567 4022 substantivis
584 3960 795 4020 declinationis
818 3981 909 4041 quam
925 3961 1029 4021 dicunt
1044 3963 1232 4037 grammatici
1249 3972 1389 4043 quartae:
1420 3965 1463 4025 70
1478 3965 1565 4044 parti

213 4065 294 4151 (gen.
319 4064 421 4150 sing.),
455 4069 495 4126 77
527 4066 608 4124 flucti
636 4067 729 4149 (nom.
761 4062 867 4149 plur),
904 4068 943 4127 97
976 4068 1051 4127 88811
1084 4069 1174 4143 (nom.
1206 4065 1311 4152 plue),
1346 4071 1407 4129 178
1436 4068 1566 4150 grados,
1629 4094 1630 4097 ¹

209 4174 270 4232 133
293 4172 384 4231 888111
415 4166 497 4253 (gen.
521 4166 623 4253 sing).
654 4192 743 4251 porro
776 4171 946 4231 invenimus
980 4173 1112 4252 stirpem,
1142 4172 1271 4231 frontem
1305 4182 1449 4253 usurpata
1486 4195 1564 4254 gen.

207 4296 299 4337 masc.
330 4277 381 4334 51.
411 4278 485 4335 481.
515 4278 586 4349 388,
615 4295 722 4355 specus
744 4297 812 4356 gen.
837 4278 907 4339 fem.
934 4279 973 4337 99
998 4286 1028 4337 81
1052 4278 1124 4351 858,
1157 4296 1279 4336 arva-ae
1311 4285 1342 4337 et
1372 4288 1568 4339 armenta-ae

314 4499 333 4566 1)
353 4500 515 4553 81111181
534 4519 559 4568 p.
579 4506 620 4553 11.
