3300 5059
166 259 227 316 104

166 446 327 531 (XCVII),
362 445 471 505 deinde
504 454 646 505 secuntur·
669 445 757 503 tertia
781 441 893 525 (XCI),
917 445 1023 523 quinta
1046 440 1190 525 (LXXI),
1216 446 1312 524 prima
1334 442 1513 528 (XXVHI).

165 550 308 612 videntur
349 569 422 610 vero
467 549 520 608 alii
565 557 674 629 poetae
717 547 792 607 alias
835 567 940 607 versus
983 567 1065 607 arses
1108 549 1240 627 aptiores
1283 548 1441 625 iudicasse,
1485 553 1518 611 in

166 656 275 737 quibus
308 656 467 733 longarum
500 653 689 735 syllabarum
720 653 866 726 finalium,
900 672 977 731 quae
1008 654 1040 711 in
1068 652 1154 713 hiatu
1181 662 1283 714 essent
1312 656 1438 736 positae,
1471 658 1519 715 vis

167 770 349 821 servaretur.

254 868 292 926 In
314 865 371 925 hac
386 885 419 925 re
440 872 540 925 autem
562 863 677 937 eadem,
701 883 791 942 quam
808 861 881 922 alibi
899 882 1020 942 quoque
1034 862 1106 922 licet
1122 863 1295 939 observare,
1319 866 1399 944 apud
1416 866 1516 928 'Pheo-

172 972 279 1030 critum
310 970 361 1029 lex
383 969 476 1043 valet,
513 968 592 1048 quod
615 968 725 1047 longae
748 968 869 1027 vocales
902 990 934 1045 α,
964 990 995 1049 η,
1019 989 1044 1028 ω
1069 976 1100 1027 et
1123 968 1304 1049 diphthongi
1327 991 1359 1054 μ,
1380 992 1412 1053 p,
1435 992 1461 1055 pr
1483 973 1514 1031 in

170 1076 229 1135 hoc
262 1076 361 1134 hiatus
394 1094 505 1153 genere
537 1073 630 1132 multo
664 1074 786 1151 saepius
809 1093 864 1151 pro
887 1081 955 1131 rata
977 1080 1064 1151 parte
1087 1073 1283 1133 inveniuntur
1311 1094 1401 1153 quam
1433 1076 1519 1155 diph·
1643 1085 1644 1088 ’

59 1168 62 1173 ’
167 1180 272 1258 thongi
307 1202 351 1257 αι,
384 1200 423 1257 ει,
456 1201 498 1256 οι,
532 1200 579 1257 ευ,
612 1199 662 1239 ον.
698 1176 766 1237 illas
790 1179 925 1237 enimin
956 1177 1026 1255 plus
1049 1176 1165 1237 duabus
1188 1178 1325 1258 partibus
1349 1176 1520 1263 (XLVIII)

169 1287 301 1345 omnium
327 1285 533 1363 exemplorum
555 1283 694 1363 legimus,
718 1283 773 1342 has
796 1284 851 1342 vix
874 1284 905 1340 in
928 1292 1015 1362 parte
1038 1284 1135 1341 tertia
1151 1282 1287 1366 (XXII).
1309 1304 1407 1363 neque
1430 1286 1522 1345 debet

172 1390 294 1468 neglegi
317 1390 576 1467 interpunctiones
609 1389 640 1446 in
673 1388 811 1447 omnibus
834 1385 991 1466 exemplis,
1027 1406 1105 1466 quae
1126 1386 1240 1446 habent
1262 1388 1368 1467 longas
1400 1390 1521 1451 vocales

172 1492 238 1577 (vel
261 1493 443 1574 diphtongos
467 1515 498 1578 p,
520 1516 551 1576 p,
576 1489 624 1577 μ),
657 1512 718 1552 non
741 1493 862 1571 saepius
885 1490 922 1549 ad
946 1491 1061 1551 hiatum
1084 1492 1229 1551 accedere
1252 1514 1341 1573 quam
1364 1496 1395 1553 in
1419 1515 1520 1555 exem-

172 1599 233 1678 plis
256 1598 460 1678 diphthongos
484 1620 529 1675 αι,
552 1619 591 1675 ει,
615 1621 657 1675 οι,
680 1617 728 1675 εν,
751 1620 791 1658 ον
814 1595 1041 1671 exhibentibus3
1066 1606 1213 1675 quaterna
1236 1600 1368 1658 enimin
1391 1609 1520 1679 utraque

171 1705 309 1763 biatuum
341 1712 428 1782 parte
464 1702 605 1783 exempla
635 1704 678 1761 ita
706 1710 880 1781 comparata
911 1703 1059 1775 invenies,
1097 1704 1183 1762 utin
1207 1703 1323 1762 hiatum
1347 1704 1434 1763 cadat
1456 1726 1520 1763 ora·

172 1809 262 1868 tionis
287 1808 442 1867 distinctio
466 1803 585 1890 (longas
609 1806 730 1866 vocales
752 1805 956 1886 interpunctio
980 1808 1116 1888 sequitur
1138 1809 1169 1867 in
1193 1830 1244 1872 vv.
1260 1809 1311 1868 III
1327 1812 1379 1883 4⁶2,
1400 1810 1430 1869 V
1449 1812 1521 1883 116,

170 1915 205 1973 ΙΙ
230 1914 302 1987 145,
325 1913 437 1973 XXIV
462 1916 513 1987 92,
538 1912 743 1992 diphthongos
767 1911 896 1971 leviores
919 1913 951 1970 iu
974 1934 1024 1975 vv.
1042 1913 1093 1970 III
1109 1914 1160 1986 39,
1175 1914 1225 1971 XI
1241 1915 1293 1988 45,
1310 1915 1343 1973 ΙΙ
1360 1916 1410 1984 61,
1435 1910 1520 1995 158).

173 2026 259 2096 patet
282 2019 374 2095 igitur
397 2019 487 2076 etiam
511 2017 567 2075 hac
591 2036 629 2075 ex
652 2038 685 2077 re
706 2018 738 2075 in
761 2016 919 2075 Theocriti
943 2016 1125 2076 carminibus
1147 2017 1269 2078 vocales
1291 2017 1397 2097 longas
1424 2018 1521 2077 multo

171 2121 319 2181 firmiores
351 2141 417 2181 sese
451 2127 606 2201 praestare
641 2141 731 2199 quam
765 2120 969 2199 diphthongos
1000 2131 1030 2181 et
1063 2121 1102 2180 ad
1134 2123 1195 2180 vim
1231 2142 1316 2181 snam
1339 2123 1521 2183 servandam

174 2228 269 2286 multo
304 2228 403 2285 minus
438 2226 619 2286 adiumentis
652 2228 715 2285 eius
748 2225 840 2298 modi,
874 2226 964 2305 quale
995 2238 1041 2286 est
1074 2228 1287 2306 interpunctio,
1312 2247 1410 2305 egere.
1435 2230 1522 2287 varia

174 2341 274 2391 autem
298 2314 463 2391 carminum
486 2351 598 2410 genera
621 2332 646 2389 si
670 2340 850 2410 spectamus,
882 2332 915 2390 in
937 2332 1042 2411 primis
1064 2333 1096 2389 in
1119 2331 1242 2411 edylliis
1266 2332 1364 2395 bucol.
1389 2343 1418 2391 et
1441 2334 1522 2393 mim.

178 2434 380 2516 diphthongos
402 2435 533 2495 leviores
556 2437 708 2495 rarissime
731 2438 762 2494 in
786 2436 880 2509 hiatu,
905 2435 943 2495 de
966 2456 1026 2515 quo
1041 2456 1139 2496 sermo
1155 2445 1209 2511 est,
1226 2438 1408 2511 invenimus,
1430 2439 1523 2518 paulo

182 2542 302 2620 saepius
324 2543 356 2600 in
380 2541 561 2600 carminibus
584 2542 688 2619 epicis.

263 2646 305 2706 Ut
328 2666 400 2706 vcro
424 2644 462 2705 ad
485 2646 606 2725 singula
629 2646 765 2705 hiatuum
790 2646 931 2725 exempla
958 2644 1117 2704 tractanda
1140 2646 1326 2722 accedamus,
1359 2649 1390 2705 in
1418 2649 1522 2728 primis

85 2782 87 2785 ·
174 2754 196 2811 ii
229 2751 328 2810 hiatus
362 2772 380 2809 a
412 2751 520 2810 ceteris
552 2749 713 2829 separandi
735 2760 815 2824 sunt,
848 2752 900 2830 qui
925 2759 1029 2810 extant
1052 2758 1123 2810 ante
1145 2770 1246 2825 voces,
1271 2772 1397 2831 quarum
1422 2752 1524 2812 littera

175 2857 303 2916 initialis
327 2856 400 2920 olim
423 2856 481 2915 fuit
505 2854 666 2934 digamma.
691 2876 726 2915 ac
748 2856 923 2935 saepissime
947 2864 1018 2915 ante
1040 2865 1204 2936 pronomen
1237 2858 1346 2917 tertiae
1377 2878 1525 2937 personae

174 2958 230 3044 (οἶ,
263 2956 365 3042 ἕθεν),
399 2962 446 3019 cui
478 2980 581 3021 omnes
616 2968 724 3039 poetae
755 2960 922 3019 Homerum
955 2961 1050 3019 secuti
1082 2962 1226 3020 maiorem
1257 2963 1319 3020 vim
1343 2961 1524 3042 tribuerunt,

175 3066 285 3144 longae
309 3064 448 3144 syllabae
471 3066 501 3124 in
525 3060 611 3124 hiatu
633 3066 751 3145 positae
774 3065 820 3123 vis
844 3073 994 3123 servatur:
1019 3061 1152 3147 a)118
1175 3066 1232 3127 καῖ
1253 3065 1285 3128 ol
1308 3065 1393 3127 ἀείΙ
1420 3063 1524 3147 (Hom.

175 3172 205 3233 Λ
229 3172 291 3231 789
316 3170 373 3232 καί
395 3170 426 3232 οἱ
450 3171 618 3251 σημαίνειν
640 3168 680 3252 I),
705 3172 755 3229 III
779 3172 819 3229 36
845 3169 941 3231 ὃωσῶ
965 3169 997 3230 ολ
1019 3170 1084 3243 1113
1108 3167 1137 3251 c)
1154 3170 1252 3230 XVII
1268 3173 1309 3231 90
1331 3169 1402 3233 ἐπεί
1424 3171 1456 3233 οἱ
1480 3174 1526 3233 IV

176 3271 279 3355 (Hom.
304 3276 349 3336 M
376 3276 438 3334 407
472 3273 513 3337 id.
546 3275 579 3333 II
612 3299 652 3328 =
684 3276 714 3334 P
743 3271 830 3355 577),
853 3273 965 3333 XXIV
990 3276 1051 3332 123
1083 3274 1140 3335 καί
1169 3275 1200 3337 οἱ
1232 3274 1341 3356 οἴανεῑς
1367 3276 1397 3335 V
1421 3272 1526 3356 (Hom.

152 3370 211 3437 ΙΚ
240 3380 301 3438 328
336 3379 392 3439 καί
414 3377 446 3439 οἱ
470 3379 609 3459 ὄμοσσεν
632 3376 683 3461 V),
707 3378 800 3437 XXV
824 3380 864 3437 37
890 3376 925 3440 οἴ
944 3377 975 3439 ol
998 3376 1091 3440 ἔασιν
1113 3380 1147 3438 Π
1179 3377 1281 3461 (Hom.
1307 3400 1326 3440 κ
1349 3382 1411 3439 849
1436 3379 1473 3442 αἴ
1494 3381 1526 3442 οἱ

176 3482 269 3563 δῶμα
300 3478 357 3563 II),
392 3485 432 3559 80
466 3483 497 3543 εἴ
525 3482 557 3544 οἱ
586 3484 643 3545 καί
673 3484 690 3542 Ι
725 3480 829 3565 (Hom.
867 3480 1114 3566 Ψ,832ἰ(1.Ι),
1139 3485 1201 3544 203
1226 3483 1262 3546 οἴ
1280 3483 1359 3547 ἑθεν
1380 3486 1398 3545 Ι
1421 3484 1525 3568 (Hom.
1643 3555 1644 3558 Ἴ

180 3589 210 3647 Τ
229 3586 293 3645 805
319 3586 352 3647 οἴ
374 3582 451 3647 ἕθεν
474 3584 513 3669 1).
549 3596 706 3667 praeterea
729 3585 916 3667 syllabarum
937 3586 1152 3667 productiones
1180 3588 1314 3648 eiusdem
1337 3591 1457 3667 generis
1480 3591 1527 3650 his
1643 3607 1644 3626 ¹

177 3691 252 3750 locis
268 3690 423 3767 leguntur:
441 3688 472 3772 b)
490 3692 524 3751 II
541 3693 578 3751 51
597 3692 781 3777 μαινομένῳ
797 3694 902 3765 ἴκελος
917 3692 950 3750 II
966 3689 1070 3776 (Hom.
1087 3693 1120 3754 a
1143 3694 1204 3753 758
1224 3702 1339 3771 κεῖσαι,
1361 3701 1405 3777 τῷ
1422 3697 1527 3769 ἴκελος
1643 3697 1644 3726 ³

177 3796 221 3869 H,
246 3794 391 3873 Apollon.
420 3795 518 3856 Rhod.
543 3799 575 3857 A
600 3798 682 3856 1678
705 3795 870 3879 τηκομένῳ
894 3798 998 3871 ἴκελος
1020 3795 1077 3879 ΙΙ),
1111 3797 1173 3858 XV
1198 3801 1261 3857 110
1288 3797 1400 3881 Ἑλένᾳ
1420 3799 1527 3861 slavia
1643 3781 1645 3787 ἴ

176 3900 206 3959 V
222 3898 324 3982 (Hom.
341 3923 364 3981 μ
380 3902 419 3959 79
436 3896 602 3983 κεριξέστῃ
623 3898 727 3963 ἐικυῖα
742 3900 780 3975 V,
810 3902 847 3959 cl.
873 3902 963 3961 etiam
985 3900 1072 3961 Aret.
1098 3905 1171 3977 854,
1188 3906 1261 3978 892,
1284 3902 1387 3976 Quint.
1405 3903 1526 3983 Smyrn.
1643 3957 1644 3960 ,

177 4027 198 4065 α
223 4002 315 4087 306),
341 4000 370 4086 c)
394 4004 540 4063 accedunt
564 4018 623 4064 tres
646 4006 747 4065 hiatus
765 4005 1062 4087 exedylliisepicis,
1084 4008 1240 4086 inquibus
1264 4009 1401 4069 omnibus
1416 4008 1528 4087 legitur
1643 4033 1644 4054 ι

175 4109 284 4171 vocula
309 4105 360 4172 ed:
381 4110 465 4167 XIII
490 4110 528 4167 15
553 4106 590 4171 εὖ
613 4107 715 4173 ἕλκων
738 4112 780 4187 ΙΙ,
797 4112 877 4173 XVI
895 4116 933 4173 13
958 4108 995 4176 εὖ
1018 4112 1151 4175 εἰπόντα
1173 4114 1228 4187 IV,
1253 4115 1292 4173 25
1316 4110 1353 4177 εὖ
1375 4111 1464 4197 ἔρξαι
1483 4114 1526 4173 ΙΙ.

262 4216 300 4274 In
323 4214 463 4290 hiatibus,
497 4216 549 4294 qui
574 4224 678 4274 extant
701 4225 772 4277 ante
794 4238 895 4291 voces,
929 4239 1008 4299 quae
1031 4238 1151 4297 semper
1174 4218 1295 4278 vocales
1318 4217 1472 4277 habebant
1495 4220 1527 4277 in
1643 4249 1644 4286 ,

177 4320 274 4400 initio,
299 4319 379 4397 apud
396 4318 594 4379 Theocritum
612 4322 751 4382 similiter
766 4331 858 4401 atque
878 4325 910 4381 in
926 4324 1053 4383 Homeri
1069 4323 1254 4383 carminibus
1263 4321 1286 4406 ¹)
1303 4324 1335 4381 in
1353 4324 1527 4383 uniuersum
1643 4381 1644 4402 ,

265 4541 286 4611 ¹)
305 4542 344 4593 Of.
362 4542 463 4595 Hartel.
481 4543 498 4597 l.
518 4561 540 4595 c.
560 4545 637 4597 1132
657 4562 723 4612 sqq,
742 4548 785 4611 39,
803 4549 836 4597 43
857 4563 895 4612 sq.
