3300 5059
1419 148 1481 206 255

129 349 238 389 scaena
254 330 353 388 iurare
377 331 571 410 incipientem
588 352 693 391 vocem
721 332 869 392 defecisse
886 342 915 393 et
939 343 1103 413 apparatus
1118 335 1306 413 spectatione
1332 335 1478 397 sublatam

126 454 191 493 esse
214 454 334 494 omnem
357 433 555 495 hilaritatem:
591 438 754 515 ‘quidnam'
785 438 886 519 inquit
922 437 1140 497 ‘delectationis
1164 437 1277 498 habent
1293 485 1431 504 .....
1449 441 1479 500 in

126 541 214 619 Equo
240 540 375 599 Troiano
401 550 600 601 creterrarum
622 543 682 601 1111
705 544 790 601 milia
813 552 866 602 aut
889 552 1042 602 1111111111
1057 544 1142 602 11111
1167 542 1322 622 peditatus
1345 554 1375 604 11
1398 547 1480 624 equi·

125 653 206 703 tatus
229 647 260 703 in
284 645 389 725 aliqua
413 646 538 725 pugna?
562 667 640 727 quae
673 649 853 727 popularem
877 648 1107 709 admirationem
1131 648 1313 724 habuerunt,
1348 650 1477 710 delecta·

126 752 240 809 tionem
263 751 319 811 tibi
342 750 456 810 nullam
481 752 667 813 adtulissent’
691 750 744 836 (ad
767 754 839 815 fam.
866 753 930 813 VII
957 757 985 834 1,
1010 750 1054 837 2).
1088 752 1168 813 unde
1200 754 1289 813 111111
1321 754 1399 813 hanc
1435 756 1479 813 in-

128 855 237 916 ibimus
260 858 450 933 sentcntiam,
474 856 598 938 Equum
621 858 788 917 Troianum
824 877 861 917 11
893 857 930 917 (11
962 878 1053 917 11111
1076 878 1141 917 esso
1170 866 1276 933 actam,
1312 858 1392 938 quod
1425 880 1480 938 per

127 962 281 1021 materiem
321 982 404 1021 suam
444 972 474 1021 11
512 971 722 1041 argumentum
761 962 923 1022 maximam
955 944 1095 1043 praebuit
1125 963 1270 1043 Pompeio
1302 964 1477 1024 facultatem

125 1066 214 1125 ludos
238 1087 328 1146 quam
361 1067 623 1147 splendidissimos
647 1067 768 1146 edendi,
800 1068 894 1148 idque
918 1088 953 1127 eo
975 1068 1080 1147 magis,
1116 1067 1197 1147 quod
1221 1068 1284 1127 eius
1317 1071 1387 1127 anni
1410 1068 1474 1127 ludi

127 1172 217 1251 primi
241 1181 326 1231 erant
348 1173 379 1230 in
412 1172 529 1232 theatro
553 1194 571 1231 a
593 1174 739 1252 Pompeio
772 1174 837 1251 ipso
872 1181 1015 1236 extructo.
1027 1172 1051 1253 ¹)
1090 1194 1128 1233 ex
1150 1171 1207 1231 hac
1236 1173 1330 1251 igitur
1363 1172 1476 1247 fabula,

129 1296 208 1357 quae
231 1278 304 1336 satis
326 1276 419 1336 fuisse
443 1285 514 1336 nota
536 1277 658 1337 videtur
681 1277 872 1357 aequalibus,
905 1280 994 1337 unius
1017 1297 1122 1337 versus
1145 1286 1261 1357 partem
1286 1277 1366 1358 apud
1391 1277 1478 1338 Cice·

128 1402 232 1441 ronam
255 1382 384 1460 legimus
409 1383 530 1441 citatam
555 1402 680 1463 eamque
703 1383 857 1462 proverbii
881 1383 975 1442 instar
999 1379 1095 1467 (Fest.
1122 1384 1183 1442 343
1208 1376 1273 1465 Μ.)
1307 1365 1376 1442 sunt
1398 1384 1479 1442 enim

126 1485 219 1545 verba
243 1485 363 1547 Sinonis

503 1588 571 1640 ‘sero
587 1588 825 1655 <nunc>sapi1int
844 1590 973 1655 Phryges'
992 1588 1036 1657 (fr.
1055 1587 1093 1657 2),

131 1716 210 1777 quae
233 1696 331 1756 111111
354 1697 384 1755 11
420 1717 506 1757 suum
537 1698 693 1756 transtulit
715 1696 822 1757 Cicero
846 1717 933 1756 usum
965 1698 996 1755 in
1026 1696 1164 1777 epistula,
1198 1718 1288 1778 quam
1321 1697 1404 1756 dedit
1438 1698 1475 1757 ad

127 1801 307 1861 Trebatium
330 1822 390 1861 uno
415 1823 493 1861 anno
517 1812 595 1882 post,
621 1823 711 1882 quam
733 1803 839 1882 Equus
862 1803 1014 1862 Troianus
1037 1802 1069 1860 in
1092 1822 1201 1861 scaena
1225 1812 1270 1861 est
1293 1811 1367 1861 1111.
1410 1812 1475 1862 1111

126 1907 206 1965 enim
223 1906 396 1987 Trebatius,
420 1907 451 1965 id
468 1906 548 1987 quod
566 1926 604 1966 ex
621 1907 758 1986 epistulis
781 1928 799 1966 a
817 1905 962 1966 Cicerone
979 1906 1016 1965 ad
1034 1926 1100 1965 eum
1124 1909 1155 1965 111
1171 1907 1357 1966 Britanniam
1380 1908 1478 1965 missis

128 2012 210 2070 clare
232 2013 423 2092 perspicitur,
456 2012 548 2071 bomo
579 2012 661 2072 111111
685 2012 902 2072 amoenitatum
933 2012 1156 2071 amantissimus
1180 2005 1233 2095 (cf.
1258 2010 1295 2070 ad
1319 2013 1389 2071 1111.
1414 2011 1478 2071 VII

127 2120 155 2188 6,
183 2121 216 2191 13
241 2120 272 2196 8,
299 2122 331 2192 13
364 2119 415 2190 13,
440 2120 473 2192 23
509 2119 558 2191 15,
585 2120 600 2175 1
627 2115 693 2200 all.)
726 2126 757 2177 ct
788 2120 837 2177 cui
868 2118 949 2176 haud
980 2136 1090 2195 magno
1124 2136 1215 2195 opero
1246 2116 1398 2177 adrideret
1429 2137 1478 2176 res

124 2222 273 2283 militaris.
298 2224 401 2302 itaque
418 2221 523 2282 Cicero
539 2222 602 2282 VII
620 2224 670 2301 16,
690 2227 704 2280 1
722 2223 823 2283 111111
841 2243 908 2282 eum
926 2222 1031 2301 carpit,
1057 2220 1138 2301 quod
1158 2242 1287 2300 magnae
1303 2224 1470 2301 sapientiae

126 2327 223 2385 virum
248 2328 279 2385 in
302 2327 434 2387 vitandis
457 2327 531 2387 belli
554 2328 696 2407 periculis
720 2348 753 2388 se
775 2328 948 2408 praebuerit
969 2327 1016 2385 his
1039 2325 1155 2386 verbis:
1179 2327 1220 2385 ‘in
1237 2328 1325 2407 Equo
1342 2328 1475 2387 Troiano

126 2432 182 2490 scis
206 2452 272 2492 esse
294 2432 326 2491 in
350 2440 500 2492 extremo:
517 2452 583 2491 sero
599 2434 721 2511 sapiunt
738 2478 768 2494 ..
788 2478 795 2491 .
814 2480 821 2496 .
838 2442 871 2492 tu
886 2441 996 2505 tamen,
1013 2432 1054 2490 mi
1072 2430 1184 2505 vetule,
1202 2452 1261 2490 non
1279 2452 1344 2491 sero
1362 2476 1473 2495 .....

129 2535 237 2597 deinde
270 2537 349 2619 quod
374 2540 406 2597 in
428 2538 588 2596 Britannia
610 2559 671 2596 non
695 2539 782 2596 nimis
806 2538 1016 2620 φιλοθέωρον
1039 2546 1069 2595 11
1092 2536 1268 2616 praebuisti,
1301 2537 1394 2616 plane
1416 2558 1475 2597 non

128 2640 332 2721 reprehendo:
357 2663 436 2702 nunc
460 2663 532 2702 vero
556 2644 587 2701 in
611 2641 745 2701 hibernis
768 2644 898 2702 intectus
922 2643 996 2701 mihi
1011 2642 1140 2701 videris:
1166 2644 1271 2721 itaque
1294 2650 1323 2700 ts
1347 2661 1474 2701 commo-

128 2768 201 2807 vere
224 2769 283 2809 non
308 2751 406 2808 curast

231 2867 316 2936 iisque
336 2886 443 2935 quaque
463 2865 557 2934 sapere
577 2873 696 2934 oportet:
714 2865 742 2918 id
761 2871 811 2918 erit
829 2868 911 2918 telum
931 2866 1098 2918 acdrrimum’
1119 2868 1182 2929 (inc.
1201 2869 1253 2917 1111.
1273 2866 1290 2917 1.
1310 2866 1363 2933 40).

127 2980 207 3061 qnod
238 2988 433 3060 praeceptum
462 2977 630 3059 sapientiae
651 2976 776 3057 plenum
799 2975 838 3035 ad
862 2974 988 3035 eandem
1019 2973 1153 3033 fabulam
1187 2974 1312 3033 relatum
1337 2972 1475 3032 Ribbeck

125 3087 232 3145 Room.
247 3086 309 3144 Tr.
332 3090 367 3165 p.'
381 3086 420 3144 49
446 3091 499 3143 aut
521 3083 636 3143 cantori
659 3089 720 3155 aut,
744 3080 775 3139 id
799 3082 879 3161 quod
903 3080 977 3140 mihi
994 3080 1058 3140 veri
1082 3080 1207 3139 similius
1231 3078 1360 3152 videtur,
1386 3078 1473 3138 Ulixi

126 3191 239 3265 tribuit,
262 3191 328 3249 viro
353 3190 485 3249 omnium
509 3187 711 3247 callidissimo.

229 3296 323 3354 Porro
347 3314 386 3353 ex
409 3296 470 3354 alia
492 3294 604 3355 Naevii
627 3292 784 3371 tragoedia
805 3312 909 3351 versus
932 3292 1085 3350 invenitur
1109 3286 1189 3368 apud
1213 3285 1398 3362 Ciceronem,
1424 3288 1475 3367 qui

126 3400 281 3480 proverbii
312 3400 378 3460 loco
412 3402 441 3459 in
476 3420 527 3459 ore
550 3401 681 3459 omnium
707 3398 827 3459 videtur
848 3398 949 3457 fuisse.
976 3398 1007 3454 in
1030 3397 1192 3455 Hectore
1214 3394 1476 3472 proficiscenti

125 3503 228 3589 (Ribb.
251 3504 345 3583 Trag.
369 3504 455 3565 Rom.
479 3506 515 3564 fr.
538 3526 569 3584 p.
595 3508 623 3578 8,
648 3504 753 3563 Roem.
777 3502 872 3581 Trag.
897 3524 926 3581 p.
944 3503 984 3561 46
1009 3496 1089 3581 sqq.)
1115 3500 1194 3558 enim
1218 3499 1356 3557 Priamus
1379 3499 1475 3559 filium

126 3610 165 3669 ad
196 3609 311 3669 bellum
343 3609 503 3669 abeuntem
535 3610 657 3668 summis
680 3609 873 3689 prosequitur
895 3606 1046 3679 laudibus,
1080 3604 1118 3663 ad
1152 3624 1225 3683 quas
1249 3604 1281 3685 ⁸is
1314 3606 1477 3685 respondet

125 3714 173 3775 his
194 3715 311 3775 verbis:

345 3816 441 3869 ‘laetus
460 3834 518 3869 sum
536 3814 644 3867 landdri
661 3833 703 3866 me
722 3814 824 3881 abste,
844 3813 929 3881 pater,
946 3811 1058 3864 laudatd
1077 3812 1143 3863 viro’
1162 3812 1204 3878 (11.
1224 3813 1260 3879 1).

127 3925 208 4006 quod
231 3928 373 3987 Hectoris
396 3924 540 4005 gaudium
564 3924 669 3985 Cicero
693 3926 785 3984 Tusc.
808 3924 876 3982 IlII'
900 3925 950 3996 31,
980 3924 1020 3982 67
1042 3920 1179 3981 laetitiae
1202 3920 1292 3979 nimis
1316 3919 1417 3977 elatae
1441 3939 1475 3977 11

126 4032 207 4113 turpi
222 4032 358 4112 opponit
373 4031 603 4110 adulescentuli,
629 4030 680 4110 qui
703 4027 858 4088 inducitur
881 4028 911 4085 in
936 4047 1074 4086 scaenam
1099 4024 1179 4106 apud
1197 4022 1358 4083 Trabeam.
1385 4032 1475 4101 atque

125 4137 163 4196 ad
188 4137 292 4197 eadem
315 4136 456 4196 Hectoris
480 4136 574 4195 verba
597 4138 689 4194 etiam
712 4134 772 4194 alio
795 4134 861 4192 loco
886 4130 1013 4207 adludit,
1038 4130 1075 4189 ad
1098 4132 1167 4191 fam.
1193 4129 1222 4189 V
1247 4128 1297 4203 12,
1323 4130 1350 4187 7.
1391 4136 1477 4207 rogat

231 4363 251 4430 ¹)
269 4364 332 4415 Tac.
351 4363 420 4413 Ann.
438 4361 518 4413 XIIII
537 4364 583 4428 203
603 4361 673 4413 Plnt.
691 4362 785 4427 Pomp.
804 4362 852 4427 423
870 4360 941 4410 Plin.
959 4359 991 4409 N.
1010 4358 1045 4408 H.
1064 4355 1178 4405 XXXVI
1199 4357 1241 4417 15,
1260 4356 1324 4417 1153
1354 4352 1477 4403 Ribbeck

123 4451 217 4501 Roem.
235 4451 315 4518 Trag.
333 4467 360 4516 p.
379 4452 439 4502 652.
