3300 5059
1409 268 1471 327 309

12 420 13 466 ³
121 448 241 507 vatibus
263 466 401 509 narrasse
424 444 478 532 (ci.
501 445 564 507 cic.
588 450 610 508 l.
634 470 674 509 c.:
700 452 865 513 ‘cuiusnam
888 451 969 512 modi
985 463 1030 512 est
1054 450 1182 533 Superbi
1206 456 1367 539 Tarquinii
1392 479 1468 518 som·
1566 530 1568 533 ¹

121 554 214 627 nium,
238 551 275 612 de
298 572 358 634 quo
381 554 412 612 in
428 555 521 613 Bruto
545 555 630 615 Accii
654 555 787 634 loquitur
805 553 915 639 ipsei’)
944 578 977 618 se
999 578 1038 619 ex
1061 557 1176 620 duobus
1201 562 1311 625 eximia
1333 564 1466 643 pulchri·

121 653 228 717 tudine
247 658 401 734 arietibus,
440 679 516 739 quos
538 668 641 739 pastor
673 659 711 718 ad
735 679 767 720 se
790 660 966 740 adpulisset,
991 683 1083 723 unum
1108 666 1288 749 immolasse,
1312 665 1349 727 ab
1374 668 1469 730 altero

120 771 220 822 autem
235 764 369 843 graviter
377 764 570 824 vulneratum
586 763 751 824 concidisse
761 759 811 848 (fr.
825 761 867 849 1).
879 765 1007 827 adicitur
1023 768 1124 827 statim
1135 770 1266 830 visorum
1285 772 1464 851 explicatio:

120 864 209 950 (‘eius
232 868 325 947 igitur
346 868 455 929 somnii
478 888 497 927 a
519 867 738 929 coniectoribus
771 888 851 949 quae
874 872 913 931 sit
935 873 1143 953 interpretatio
1167 875 1247 934 facta
1271 876 1464 961 videamus'2)

119 972 248 1031 citantur
270 991 375 1033 versus
399 971 504 1033 decem
521 976 571 1057 (fr.
589 974 629 1048 2),
654 994 693 1033 ex
716 973 824 1054 quihus
847 984 947 1055 potest
968 977 1106 1058 intellegi
1130 981 1316 1041 coniectores
1338 984 1465 1043 arietem

118 1078 246 1137 alterum
269 1079 311 1137 ita
333 1097 400 1138 esse
422 1080 644 1159 interpretatos,
668 1087 702 1137 ut
725 1098 760 1139 eo
783 1078 819 1141 L.
843 1081 965 1141 Iunium
989 1083 1125 1159 Brutum,
1159 1086 1212 1164 qui
1234 1084 1336 1147 hebeti
1367 1088 1467 1148 animo

116 1181 293 1257 habebatur,
318 1182 482 1261 significari
505 1182 650 1243 dicerent.

221 1285 281 1347 Sed
308 1287 385 1347 haec
408 1286 530 1368 quidem
563 1287 719 1349 hacteuus.
742 1290 894 1368 reliquum
917 1298 972 1363 cst,
1006 1298 1038 1350 ut
1060 1290 1230 1353 fabularum
1263 1294 1373 1354 addam
1398 1316 1465 1357 con·

116 1400 260 1473 spectum,
283 1411 361 1472 quae
384 1389 523 1453 Ciceroni
545 1401 637 1453 notae
658 1393 751 1453 fuisse
773 1391 930 1454 videntur:
982 1427 984 1434 ·

115 1549 260 1615 Aegisthus
292 1582 473 1601 ......
523 1577 555 1585 -
645 1551 659 1599 1
730 1578 763 1587 -
820 1549 999 1615 Myrmidones
1026 1587 1033 1601 .
1062 1590 1067 1599 .
1097 1586 1103 1601 .
1131 1588 1137 1601 .
1165 1589 1172 1601 .
1221 1581 1256 1591 -

115 1637 256 1688 Armorum
276 1636 361 1687 Indic.
397 1672 404 1687 .
432 1672 439 1686 .
467 1669 474 1685 .
523 1664 556 1673 -
627 1664 661 1672 -
748 1638 764 1686 6
818 1636 996 1701 Nyctegresia
1027 1672 1173 1688 .....
1223 1667 1253 1677 -

114 1724 474 1778 Athamas......
523 1750 555 1759 -
748 1726 764 1772 2
818 1710 1256 1777 Philocteta.·....19

113 1811 212 1862 Atreus
255 1845 472 1862 .......
519 1811 553 1860 26
748 1812 764 1861 2
816 1810 994 1861 Prometheus
1029 1848 1175 1865 .....
1225 1842 1257 1851 -

115 1898 295 1964 Clytemestra
326 1934 473 1949 .....
521 1924 554 1933 -
747 1898 763 1946 5
817 1895 954 1961 Telephus
990 1934 997 1947 .
1025 1935 1032 1948 .
1061 1938 1067 1949 .
1096 1935 1103 1949 .
1133 1944 1136 1949 ,
1166 1936 1173 1951 .
1224 1927 1255 1937 -

114 1986 233 2051 Epigoni
256 2013 555 2037 ........
747 1987 764 2034 4
817 1984 937 2035 Troades
958 2014 1257 2037 ........

113 2071 367 2137 Epinausimache.
395 2110 402 2123 .
429 2109 436 2123 .
465 2111 471 2123 .
520 2100 553 2109 -
728 2098 764 2109 -
818 2072 918 2123 Brutus
960 2109 1175 2125 .......
1225 2077 1258 2124 23

112 2161 263 2226 Eurysaces
289 2196 471 2211 ......
538 2162 554 2210 6

113 2247 211 2297 Medea
253 2281 470 2299 .......
521 2250 553 2298 15
746 2250 762 2299 t

112 2334 284 2401 Melanippus
324 2371 473 2386 .....
539 2339 553 2386 1
624 2364 657 2373 -
728 2361 762 2373 -

112 2422 551 2489 Meleager......-
622 2450 656 2461 -
743 2424 760 2473 4

218 2552 314 2610 Erant
334 2551 435 2629 igitur,
463 2548 494 2608 id
517 2547 599 2628 quod
621 2568 659 2607 ex
682 2550 735 2624 eis,
759 2568 838 2628 quae
861 2568 952 2630 supra
976 2549 1178 2629 disseruimus,
1207 2552 1341 2632 adparet,
1374 2553 1466 2615 Accii

111 2658 236 2717 fabulae
259 2654 412 2715 Ciceronis
440 2663 576 2733 tempore
606 2655 749 2714 universo
782 2654 896 2734 populo
923 2655 1014 2715 valde
1047 2665 1153 2735 gratae
1185 2665 1275 2736 atque
1307 2669 1461 2739 acceptae,

112 2782 213 2845 neque
237 2760 361 2820 dubium
385 2768 441 2832 est,
465 2758 538 2839 quin
554 2758 676 2819 Tullius
691 2760 758 2839 ipse
780 2779 921 2838 magnam
946 2780 984 2819 ex
1007 2762 1051 2819 eis
1073 2762 1244 2841 perceperit
1265 2763 1462 2844 voluptatem,

111 2869 226 2950 quippe
250 2869 302 2948 qui
324 2868 405 2927 circa
427 2864 452 2925 Ο
474 2885 579 2926 versus
602 2886 640 2925 ex
663 2866 727 2925 eius
750 2865 862 2925 fabulis
890 2867 923 2925 iu
950 2868 1061 2947 scripta
1088 2888 1143 2927 sua
1166 2872 1322 2949 receperit,
1353 2879 1463 2951 poetae

109 2982 209 3034 autem
237 2976 331 3053 ipsius
357 2973 432 3032 locis
454 2971 652 3032 XXXXIIII
685 2972 792 3031 fecerit
823 2972 1016 3031 mentionem.
1051 2992 1231 3054 quamquam
1264 2977 1369 3053 negari
1401 2997 1462 3037 non

109 3088 209 3161 potest
240 3100 308 3139 eum
345 3080 434 3158 louge
470 3099 530 3138 non
566 3085 651 3136 tauta
681 3077 829 3137 imbutum
860 3077 952 3137 fuisse
983 3077 1071 3139 Accii
1102 3078 1311 3155 admiratione,
1349 3090 1464 3159 quanta

109 3185 268 3265 amplexus
291 3191 336 3243 est
359 3183 490 3243 Ennium
514 3178 564 3266 (ef.
590 3203 620 3262 p.
646 3178 733 3266 284).

213 3290 314 3368 Nunc,
348 3290 524 3369 priusquam
560 3288 598 3346 ad
637 3295 742 3368 poetas
780 3287 910 3346 comicos
941 3306 1105 3367 eorumque
1138 3286 1292 3349 Ciceronis
1331 3290 1461 3351 studium

110 3392 324 3474 explicandum
347 3403 477 3466 transeo,
500 3394 592 3453 liceat
614 3393 697 3467 mihi,
721 3392 863 3473 quoniam
888 3412 926 3451 ex
952 3393 1077 3472 reliquis
1100 3394 1198 3472 poetis
1217 3394 1337 3473 tragicis
1361 3395 1462 3457 nullus

108 3501 172 3559 fere
196 3507 288 3573 extat,
312 3508 457 3579 quantum
480 3498 579 3572 video,
604 3497 685 3578 apud
709 3518 777 3557 eum
794 3517 899 3558 versus
915 3532 959 3542 —-
979 3497 1071 3557 solius
1087 3499 1214 3574 Atilii,
1239 3500 1277 3559 de
1299 3521 1359 3580 quo
1382 3502 1461 3561 inter

110 3602 332 3665 comoediarum
357 3604 517 3683 scriptores
539 3604 624 3664 nobis
644 3602 793 3682 agendum
817 3604 884 3675 erit,
908 3624 967 3663 uno
987 3604 1054 3664 loco
1077 3614 1325 3664 commemoratur
1340 3606 1463 3665 Electra

109 3707 163 3791 (cf.
187 3708 276 3769 Rihh.
301 3710 405 3768 Roem.
429 3709 523 3787 Trag.
546 3725 577 3788 p.
601 3710 693 3784 609);
718 3708 756 3767 de
778 3708 907 3783 Quinti
929 3709 1029 3768 fratris
1052 3719 1152 3768 autem
1176 3711 1296 3789 poetica
1317 3711 1462 3770 facultate

108 3811 161 3898 (cf.
186 3813 275 3877 Rihh.
299 3813 404 3873 Roem.
430 3812 522 3892 Trag.
545 3833 576 3892 p.
602 3811 678 3894 617)
710 3832 794 3872 suam
819 3810 924 3872 Cicero
953 3812 1072 3873 cohibet
1095 3813 1344 3875 Academicorum
1379 3835 1461 3875 more

109 3918 291 3980 sententiam
305 3918 423 3978 -illos
444 3917 523 3978 locos
548 3937 720 3996 congerere,
744 3918 853 3999 quihus
869 3937 972 3978 versus
995 3916 1117 3999 quidem
1141 3921 1248 3998 tragici
1272 3919 1459 3991 adferuntur,

108 4022 164 4085 sed
186 4023 272 4097 tales,
297 4043 424 4104 quorum
445 4044 544 4104 neque
567 4024 651 4102 origo
674 4042 774 4103 neque
795 4021 909 4098 fabula,
934 4025 982 4083 cui
1005 4033 1091 4084 erant
1104 4025 1219 4104 inserti,
1243 4025 1301 4085 hoc
1322 4034 1458 4105 tempore

108 4129 251 4188 constitui
282 4137 390 4208 potest.
431 4136 502 4188 sunt
543 4129 634 4207 igitur
672 4127 731 4187 loci
767 4127 812 4187 hi:
849 4127 908 4186 ino.
942 4129 1000 4187 inc.
1032 4130 1054 4190 f.
1095 4130 1146 4190 24:
1187 4128 1227 4188 ad
1259 4129 1296 4204 Q.
1334 4130 1458 4189 fratrem

108 4234 142 4294 ΙΙ
170 4238 218 4305 10,
244 4235 277 4309 33
306 4236 342 4295 fr.
367 4234 424 4295 582
455 4233 794 4309 Tuss.111116,35;
827 4234 863 4297 rr.
888 4234 1059 4295 suz'ruse.
1083 4236 1153 4309 15,
1180 4236 1234 4309 10;
1266 4235 1304 4297 fr.
1329 4236 1386 4295 61:
1422 4234 1460 4294 dc

108 4361 153 4400 or.
176 4340 228 4400 III
251 4341 302 4413 39,
328 4340 405 4415 1583
433 4340 471 4399 ir.
495 4341 557 4399 622-
576 4338 614 4398 de
637 4358 679 4403 or.
702 4327 829 4406 111'38.
855 4340 927 4413 154,
951 4339 1004 4400 Or.
1028 4340 1080 4414 49,
1106 4342 1182 4415 164;
1211 4342 1247 4399 fr.
1272 4342 1328 4400 74:
1353 4338 1392 4403 de
1416 4361 1458 4401 or.

107 4446 232 4517 11141,
259 4447 335 4520 1oo;
360 4432 395 4505 fr‘.
420 4446 475 4505 ro:
500 4442 552 4504 or.
577 4446 630 4518 49,
656 4446 732 4517 164;
759 4444 796 4504 rr.
821 4443 877 4502 eo:
914 4441 952 4503 as
974 4444 1024 4502 fin.
1048 4444 1082 4503 11
1106 4446 1156 4522 rr,
1183 4445 1298 4519 71;f1·.
1324 4448 1378 4504 aa:
1402 4464 1458 4524 pro

105 4548 184 4613 Rab.
207 4548 290 4610 Post.
317 4552 367 4623 10,
392 4552 448 4630 28;
476 4550 513 4611 ir.
538 4550 593 4609 86:
618 4569 660 4608 or.
683 4547 764 4609 Phil.
779 4546 867 4608 XIII
890 4550 941 4623 21,
966 4551 1024 4623 493
1046 4550 1082 4608 fr.
1102 4551 1160 4609 88:
1183 4569 1238 4625 pro
1261 4569 1332 4628 rege
1356 4550 1458 4609 Deiot.
