3300 5059
174 212 235 272 144

171 404 286 463 nullum
311 404 432 463 omnino
455 404 651 483 protulissent
674 404 856 484 exemplum,
881 424 942 464 non
964 405 1037 463 mibi
1061 426 1123 465 rem
1149 414 1247 466 aotam
1270 426 1361 486 agere
1383 407 1519 483 videbar,

171 510 197 569 si
228 509 306 568 banc
335 510 595 590 quaestiunculam
628 510 736 569 iterum
776 518 948 584 tractarem,
986 530 1111 590 sperans
1148 512 1287 571 nonnihil
1314 512 1386 573 inde
1414 514 1518 573 lucelli

175 612 213 672 ad
236 612 518 693 antistropbieorum
541 613 640 673 crisim
663 614 721 674 rite
742 614 939 674 factitandum
962 614 1198 677 redundaturum
1221 636 1298 677 esse.
1321 616 1348 675 si
1371 618 1424 697 qni
1446 637 1519 678 vero

172 719 203 777 in
228 718 442 793 cohaereant,
476 717 556 797 qnod
583 716 670 792 nihil,
703 718 762 777 nisi
785 719 907 799 egregie
931 717 1030 792 fallor,
1062 728 1167 798 aperte
1189 719 1332 780 traditum
1365 722 1405 781 sit
1437 722 1519 803 apud

171 831 290 883 veteres
314 822 448 882 doctores
472 821 510 881 de
533 821 711 883 antithetioa
726 822 866 902 syllabae
889 823 1029 883 trisemae
1045 823 1190 903 plenique
1205 824 1292 905 pedis
1310 828 1517 902 responsione,

171 926 226 987 tali
249 928 502 1006 argumentationi
524 928 591 1006 quis
615 946 726 1006 quaeso
749 926 841 987 fidem
862 926 1008 989 habebit?
1042 948 1112 988 nam
1135 930 1192 988 etsi
1215 949 1308 1008 neges
1330 949 1394 989 rem
1421 932 1519 1011 ipsam

171 1040 279 1113 sponte
302 1041 463 1112 patescere
480 1032 533 1106 ita,
556 1040 590 1091 nt
613 1033 896 1092 commemoratione
918 1033 978 1091 iam
1001 1053 1061 1092 non
1085 1053 1161 1112 opus
1183 1035 1284 1107 fuerit,
1312 1042 1414 1095 tamen
1437 1045 1519 1096 certe

170 1140 304 1198 omnium
337 1138 546 1215 magistrorum
578 1137 748 1216 praeceptis
781 1136 993 1217 anteponenda
1024 1146 1094 1197 sunt
1125 1142 1192 1217 ipsa
1223 1148 1381 1217 poetarum
1414 1160 1516 1220 opera,

170 1262 248 1323 quae
275 1242 355 1302 ultro
377 1242 541 1321 unicnique
563 1241 704 1302 obierunt
725 1242 855 1321 regulas,
885 1242 994 1323 quibus
1017 1243 1048 1303 in
1070 1243 1207 1302 versibus
1230 1244 1446 1324 componendis
1469 1245 1517 1304 illi

170 1367 235 1407 sese
265 1346 504 1421 adstrinxerunt;
534 1365 680 1406 memores
703 1348 796 1426 igitur
818 1349 892 1423 eius,
921 1348 999 1428 quod
1028 1348 1134 1408 effatus
1162 1357 1207 1409 est
1237 1350 1415 1410 immortalis
1441 1350 1519 1410 Her-

169 1471 271 1525 mann,
304 1449 495 1530 disciplinam
534 1451 605 1510 artis
639 1459 734 1511 artem
764 1453 861 1531 ipsam
888 1452 1082 1532 praecedere,
1124 1472 1141 1512 e
1177 1452 1347 1532 largissimo
1386 1455 1519 1535 ipsorum

168 1563 326 1636 poetarum
348 1557 431 1616 fonte
454 1554 626 1616 hauriamus
649 1564 680 1615 et
709 1576 763 1636 pro
794 1557 911 1617 viribus
934 1559 1041 1617 uostris
1065 1559 1121 1617 etsi
1144 1556 1305 1617 imbecillis
1327 1558 1360 1618 id
1384 1580 1519 1639 agamus,

168 1670 203 1721 ut
227 1662 342 1740 aliquot
355 1661 462 1720 saltem
484 1681 599 1736 versus,
624 1662 675 1741 qui
697 1683 778 1722 nunc
801 1663 969 1723 criticorum
993 1664 1168 1722 commentis
1184 1662 1344 1724 deformati
1367 1664 1517 1744 leguntur,

168 1767 294 1848 pristino
323 1764 484 1826 reddamus
507 1767 607 1828 nitori.

255 1871 322 1930 Iam
355 1870 460 1931 ordine
490 1870 567 1931 dabo
596 1871 742 1952 disposita
769 1871 937 1933 liberioris
954 1874 1159 1953 responsionis
1186 1873 1334 1954 exempla,
1364 1879 1519 1955 ¹<quotquot

170 1975 251 2056 apud
274 1975 461 2055 Aeschylum
485 1984 515 2035 et
538 1975 719 2055 Sophoclem
742 1978 860 2036 inveni:

257 2080 316 2158 Ag.
342 2082 573 2141 1537=15642

256 2192 306 2246 str.
341 2184 428 2247 Δίκα
451 2184 478 2247 d'
495 2183 542 2247 ἐπ’
564 2188 641 2249 atto
663 2191 794 2270 πρᾶγμα
816 2186 912 2267 θήγει
934 2187 1054 2269 βλάβης
1098 2220 1437 2255 οιωωῇαυ-

255 2298 315 2347 ant.
339 2289 388 2363 τίς
409 2288 451 2350 ἂν
472 2288 575 2370 γονάν
598 2289 715 2372 ἀραῖον
737 2288 867 2371 ἐκβάλοι
890 2290 1011 2372 δόμων.
1100 2333 1117 2353 o
1135 2324 1141 2341 ι
1157 2325 1438 2355 μαι-ω-

169 2414 274 2455 versus
306 2393 451 2472 stroplrici
483 2393 572 2452 lectio
608 2393 646 2453 ab
675 2396 754 2454 omni
787 2395 857 2453 labe
889 2396 1037 2470 immunis,
1056 2389 1104 2456 'ut
1132 2399 1170 2457 ad
1194 2400 1335 2459 amussim
1361 2400 1518 2478 responsio

170 2499 389 2571 restitueretur,
422 2495 460 2557 ab
488 2498 663 2558 Hermanno
692 2500 736 2559 ita
767 2508 883 2559 mutata
913 2508 967 2575 est,
995 2510 1029 2561 ut
1050 2502 1188 2583 θηγάνει
1215 2502 1330 2576 ederet,
1362 2502 1444 2582 quod
1474 2504 1520 2562 ita

170 2603 275 2661 adrisit
298 2602 436 2662 omnibus
460 2600 633 2679 editoribus,
663 2611 697 2663 ut
718 2625 818 2683 neque
841 2603 1004 2665 Kirchhoff
1023 2626 1122 2685 neque
1145 2607 1307 2667 Wecklein
1329 2608 1409 2667 hanc
1431 2609 1519 2668 verbi

167 2708 296 2767 formam
314 2709 449 2789 recipere
469 2708 644 2768 dubitarint.
668 2711 752 2789 atqui
776 2709 956 2770 insolentem
979 2711 1068 2771 buius
1085 2711 1171 2770 verbi
1186 2714 1313 2771 formam
1328 2713 1354 2771 si
1371 2713 1518 2794 exemplis

170 2813 348 2877 confirmare
371 2814 459 2887 velis,
483 2821 513 2873 te
536 2835 596 2874 non
620 2814 717 2893 fugiet
739 2807 797 2874 boc
819 2814 946 2874 verbum
968 2815 1049 2895 apud
1072 2837 1166 2875 unum
1189 2817 1376 2897 Hesychinm
1400 2817 1461 2896 legi
1485 2818 1517 2876 in

167 2917 267 2995 glossa
289 2918 444 2999 θηγάνει·
474 2914 591 2993 ὀξύνει,
620 2938 720 2998 neque
747 2919 809 2979 ullo
840 2920 900 2981 alio
929 2921 1082 3000 scriptoris
1114 2922 1274 2981 cuiuslibet
1301 2922 1369 2982 loco
1396 2922 1518 2981 obviarn

167 3022 243 3101 fieri,
272 3031 377 3084 contra
404 3023 521 3105 θήγειν
552 3045 608 3083 usu
637 3026 740 3083 tritum
763 3044 830 3084 esse
853 3022 906 3109 (cf.
930 3024 989 3105 Ag.
1020 3027 1113 3099 1261,
1147 3026 1229 3101 Sept.
1254 3023 1343 3109 702),
1376 3026 1407 3085 id
1436 3025 1518 3105 quod

167 3126 235 3187 sine
263 3126 356 3186 dubio
383 3128 599 3191 intellexerunt
631 3130 682 3208 qui
710 3130 879 3189 coniecere:
905 3129 990 3210 Δίκη
1008 3176 1040 3192 ..
1064 3129 1205 3211 Ιθήγεται
1221 3178 1253 3194 ..
1278 3131 1411 3214 Μοίρας
1433 3126 1518 3213 (Em-

165 3228 294 3311 perins),
318 3230 368 3290 vel
400 3232 486 3314 Δίκα
519 3232 547 3293 d'
565 3279 597 3296 ..
622 3230 666 3313 δή
697 3232 794 3315 θήγει
820 3233 914 3315 βέλος
941 3232 1014 3317 (Th.
1042 3231 1172 3316 Heyse),
1206 3236 1291 3316 Δίκη
1322 3233 1394 3297 δ’ἔί
1418 3236 1518 3297 ἄλλον

167 3337 355 3419 πράγματος
395 3334 491 3416 θήγει
531 3336 652 3418 βλάβας
677 3338 682 3418 Ι
705 3337 787 3420 πρὸς
827 3340 937 3412 ἄλλαις
976 3338 1154 3419 θηγάναισι
1197 3340 1329 3422 Μοίρας
1381 3334 1518 3423 (Paley),

139 3462 141 3466 ·
166 3439 251 3522 Δίκη
274 3439 342 3501 d'..
366 3441 484 3522 πρᾶγμ’
515 3441 576 3522 ἄορ
605 3442 701 3523 θήγει
723 3441 844 3524 βλάβης
865 3461 919 3524 πρ.
950 3440 979 3503 ά.
1007 3443 1184 3524 θηγάναισι
1199 3445 1321 3525 Μοῖρα
1354 3439 1517 3525 (Heusde).

253 3540 327 3606 cho.
352 3545 494 3605 42:53:

210 3656 261 3707 str.
284 3648 414 3711 τοιάνδε
436 3650 530 3734 χάριν
553 3652 668 3734 ἄχαριν
691 3650 881 3735 ἀπότροπον
903 3660 1013 3715 κακῶν
1101 3692 1118 3715 o
1136 3668 1431 3728 munemne...

198 3759 258 3817 ant.
272 3751 366 3835 σέβας
382 3752 410 3815 d'
421 3755 557 3835 ἄμαχον,
572 3753 749 3836 ἀδάματον,
766 3754 930 3838 ἀπόλεμον
944 3756 982 3820 τὸ
997 3758 1083 3840 πρὶν.
1099 3790 1148 3818 or
1161 3773 1389 3820 cucumae
1399 3812 1422 3819 -

166 3977 312 4043 strophe,
332 3978 397 4029 oder
416 3977 458 4027 die
472 3976 555 4029 Stelle
575 3979 621 4029 der
635 3979 761 4045 Synkope
773 3982 808 4031 ist
820 3982 1017 4036 vertinderlich.
1037 3998 1118 4049 supra
1136 3991 1226 4033 autem
1245 3984 1313 4035 haec
1332 3984 1422 4036 docet:
1438 3987 1517 4048 ,Man

166 4064 213 4113 hat
239 4065 266 4113 in
290 4079 403 4115 neuerer
422 4066 481 4115 Zeit
504 4066 544 4116 oft
567 4067 662 4117 hbchst
684 4067 844 4117 willlrttrlich
872 4069 916 4120 die
940 4058 1150 4134 llberlieferuug
1181 4071 1355 4137 abgcttndert,
1382 4088 1427 4122 nm
1456 4076 1516 4124 eine

166 4150 348 4219 vollstdndige
366 4151 536 4217 Responsion
550 4153 618 4203 auch
638 4152 673 4203 da
691 4155 882 4221 beruustellen,
900 4172 941 4207 wo
965 4158 1005 4207 sie
1024 4155 1072 4207 der
1084 4157 1196 4208 Dichter
1214 4173 1264 4225 gar
1282 4158 1356 4209 nicht
1373 4159 1517 4210 beabsicb·

165 4240 216 4304 tigt
235 4239 324 4291 hatte.
352 4240 389 4290 Es
409 4239 513 4291 kommt
532 4241 600 4291 eben
618 4240 677 4293 hier
695 4242 769 4292 nicht
786 4258 839 4293 nur
856 4242 908 4294 anf
923 4244 966 4294 die
984 4244 1262 4308 Bigenthr'imlicbkeit
1281 4246 1328 4296 des
1346 4246 1517 4298 Versmasses

165 4326 221 4377 und
248 4327 301 4376 den
327 4325 497 4379 besonderen
516 4327 666 4379 Charakter
690 4329 737 4379 des
755 4330 854 4381 Liedes
879 4346 923 4397 an,
950 4332 1067 4388 sondern
1092 4333 1162 4383 auch
1184 4333 1219 4383 ob
1245 4334 1289 4383 ein
1308 4333 1418 4385 Dichter
1441 4336 1518 4385 seina

165 4413 262 4464 Arbeit
279 4430 400 4481 sorgsam
419 4415 496 4466 feilte
514 4416 579 4467 oder
596 4415 675 4467 rasch
693 4416 815 4482 hiuwarf,
838 4433 896 4471 war
912 4434 966 4471 rou
984 4418 1122 4475 Eiufluss.'
1141 4420 1216 4486 atqui
1238 4420 1311 4473 idem
1334 4426 1429 4472 contra
1441 4421 1516 4474 ‘haec

165 4506 312 4565 praecepta
329 4504 460 4569 peccavit,
479 4519 539 4554 cnm
558 4502 718 4572 Sophoclem
736 4505 830 4569 edidit,
848 4506 875 4557 id
894 4507 966 4573 quod
984 4512 1079 4573 postea
1097 4508 1245 4560 ostendam.
