3300 5059
546 1255 758 1363 OAPU'P
783 1256 1113 1361 AL'llilRUM.

186 1461 238 1544 [le
260 1460 363 1571 pleni
389 1460 493 1569 pelis
517 1446 689 1570 ensisque
711 1460 889 1543 trisemae
911 1456 1152 1567 responsione
1175 1450 1457 1561 antistrophica

238 1656 314 1715 Rem
342 1657 509 1716 accuratius
532 1655 720 1715 tractandam
742 1653 830 1713 nobis
853 1653 1062 1733 proposuimus
1085 1651 1143 1711 hoc
1165 1651 1264 1731 eapite
1286 1648 1375 1707 nimis
1399 1642 1499 1704 adhuc

152 1761 321 1840 neglectam
344 1758 381 1819 ab
416 1760 587 1821 hominihus
619 1759 724 1834 doctis,
755 1759 861 1817 fierine
884 1757 1016 1839 potuerit
1039 1765 1068 1816 et
1101 1776 1209 1835 reapse
1241 1756 1354 1813 factum
1384 1751 1432 1825 sit,
1471 1757 1504 1809 ut

153 1865 368 1944 antistrophica
400 1865 518 1925 ratione
549 1864 765 1945 responderent
789 1865 868 1922 inter
895 1884 927 1923 se
960 1882 1015 1943 pes
1050 1861 1234 1920 acatalectus
1267 1858 1503 1935 catalectnsque,

154 1970 357 2049 strophaeque
388 1970 473 2049 pleni
508 1951 593 2050 pedis
626 1971 724 2029 vicem
758 1967 872 2028 snbiret
905 1969 979 2027 arsis
1012 1967 1180 2046 polysema,
1218 1965 1303 2025 cuius
1339 1961 1433 2022 thesis
1465 1959 1504 2019 sit

154 2092 326 2154 suppressa,
349 2076 379 2132 in
403 2074 592 2155 antistropha
615 2085 667 2134 aut
689 2075 827 2135 invicem.
853 2083 944 2153 atque
959 2072 1016 2131 hoc
1032 2092 1104 2132 sanc
1122 2092 1138 2130 e
1155 2070 1288 2151 rhythmi
1304 2076 1413 2128 natura
1428 2062 1504 2124 nihil

155 2177 277 2257 habere,
302 2199 361 2257 quo
384 2178 554 2253 offendaris,
579 2199 667 2239 nemo
688 2199 749 2238 non
773 2179 929 2259 fatebitur,
955 2179 1007 2257 qni
1024 2179 1084 2236 non
1101 2185 1163 2235 tam
1178 2174 1271 2256 pedes
1286 2172 1389 2252 digitis
1404 2188 1506 2229 nnme-

156 2282 244 2355 rabit,
282 2304 373 2362 quam
409 2283 446 2342 ad
481 2286 525 2344 rei
557 2284 747 2363 rhythmicae
781 2280 867 2362 leges
899 2284 1002 2361 exiget
1033 2300 1181 2343 numeros.
1224 2300 1295 2338 nam
1326 2277 1351 2337 si
1382 2276 1413 2334 in
1446 2292 1508 2333 una

159 2386 325 2467 eademque
348 2388 471 2468 stropha
502 2408 606 2448 versus
640 2388 862 2448 diversissimae
893 2389 1031 2447 formae
1063 2387 1250 2457 metricae,
1283 2382 1336 2443 sed
1372 2376 1508 2439 eiusdem

159 2490 389 2572 rhythmicae
412 2493 554 2567 notionis,
573 2491 610 2552 'in
635 2492 743 2572 qnibus
758 2492 858 2551 theses
874 2511 1054 2571 suppressae
1077 2492 1127 2549 vel
1148 2511 1207 2549 non
1225 2504 1405 2567 suppressae
1429 2491 1507 2554 sunt,

160 2596 345 2654 sescentiens
360 2616 427 2655 sese
444 2598 588 2676 excipere
608 2618 696 2657 nemo
719 2618 778 2657 non
802 2600 929 2676 ignorat,
954 2596 1050 2656 veluti
1073 2597 1105 2653 in
1128 2592 1361 2674 Agamemnonis
1384 2588 1509 2668 stropha

162 2720 191 2759 v.
232 2701 447 2760 resa-1538
486 2710 592 2781 quater
623 2703 759 2762 variatae
790 2703 918 2761 trimetri
950 2702 1064 2760 formae
1096 2699 1217 2759 obviam
1247 2697 1324 2756 fiunt
1335 2692 1370 2777 ¹),
1402 2710 1504 2753 nonne

161 2805 342 2865 necessitate
374 2804 502 2884 quadam
527 2807 670 2885 cogimur,
695 2786 732 2866 ut
751 2808 781 2866 in
813 2807 893 2866 hanc
926 2826 989 2865 rem
1020 2805 1216 2885 inquiramus,
1248 2822 1320 2861 num
1351 2797 1510 2859 antithe-

164 2914 240 2969 tiee
262 2911 364 2970 varias
387 2909 454 2971 illas
477 2912 588 2971 formas
612 2911 789 2972 reduxerint
820 2910 952 2991 poetae?
980 2910 1058 2969 nihil
1090 2910 1171 2968 enim
1207 2906 1308 2981 video,
1342 2902 1423 2984 quod
1457 2922 1511 2960 nos

163 3014 325 3095 impediat,
355 3017 514 3095 quominus
538 3016 574 3076 ad
599 3016 815 3099 antistrophica
842 3026 923 3076 recte
954 3014 1167 3096 perspicienda
1197 3012 1300 3071 valere
1331 3008 1425 3071 verba
1458 3005 1512 3065 illa

162 3118 312 3195 dicamus,
340 3140 419 3201 quae
442 3122 566 3181 Mallius
597 3122 775 3183 Theodorus
799 3144 829 3201 p.
854 3124 916 3181 586
940 3122 981 3182 Κ.
1005 3120 1132 3200 profert:
1158 3118 1197 3190 ,si
1217 3137 1278 3196 qua
1302 3114 1382 3189 apud
1407 3119 1513 3193 poetas

165 3224 279 3304 lyricos
303 3234 355 3284 ant
381 3228 509 3305 tragicos
533 3229 684 3308 quispiam
707 3230 885 3308 reppererit,
909 3230 940 3287 in
957 3228 1066 3307 quibus
1080 3234 1163 3284 certa
1178 3223 1289 3304 pedum
1305 3218 1513 3281 conlocatione

166 3330 307 3407 neglecta
335 3330 400 3389 sola
421 3339 591 3410 temporum
622 3334 698 3391 ratio
732 3332 920 3392 considerata
954 3332 1001 3405 sit,
1033 3330 1204 3390 meminerit
1235 3348 1281 3401 ea,
1323 3328 1400 3385 sicut
1427 3321 1508 3402 apud

167 3431 352 3494 doctissimos
376 3455 511 3515 quosque
534 3438 677 3517 scripturn¹
700 3437 881 3510 invenimus,
911 3457 972 3496 non
993 3439 1094 3495 metra
1114 3432 1165 3493 sed
1186 3431 1345 3513 rhythmos
1361 3427 1510 3510 appellari

169 3538 331 3615 oportere'
1456 3612 1460 3617 .

253 3642 493 3704 Verumtamen
522 3645 554 3717 ii,
590 3645 641 3724 qui
674 3646 705 3705 in
729 3647 800 3705 artis
827 3645 1015 3726 rhythmicae
1040 3643 1237 3704 fundamento
1268 3661 1331 3701 rem
1360 3639 1516 3699 metricam

171 3756 414 3823 constmxerunt,
438 3749 639 3829 etWestphal
662 3759 692 3809 et
709 3748 818 3823 Christ,
843 3750 921 3810 hanc
944 3770 1005 3809 rem
1021 3748 1142 3807 silentio
1158 3755 1300 3828 premunt
1324 3753 1354 3804 et
1371 3742 1520 3822 Aeschyli

258 3956 277 4020 ¹)
297 3951 426 4023 ἀμηχανῶ
447 3953 593 4021 φροντίδος
611 3954 754 4023 στερηθεὶς

303 4040 468 4108 εὐπαλάμων
485 4044 619 4109 μεριμνᾶν

302 4123 358 4179 ὅπα
376 4128 530 4198 τράπωμαι,
548 4129 691 4190 πίτνοντος
708 4129 792 4182 οἴκου.
897 4158 914 4179 υ
927 4150 981 4179 sse
1057 4150 1083 4178 α
1125 4157 1178 4179 ,υ
1256 4170 1280 4177 -

301 4215 412 4267 δέδοικα
429 4214 567 4283 δ’ὄμβρον
585 4216 687 4268 κτύπον
705 4217 867 4285 δομοσφαλῆ
898 4234 1281 4266 υᾼυι-Αυμαυ,
1363 4256 1369 4267 .

302 4300 351 4355 τὸν
369 4300 533 4370 αἱματηρόν·
551 4302 639 4370 ψεκὰς
656 4302 687 4355 δὲ
704 4304 784 4371 λήγει.
1058 4342 1085 4350 .-

302 4390 374 4441 Δίκα
386 4390 410 4440 δ’
423 4384 464 4441 ἐπ’
478 4387 540 4441 ἄλλο
559 4394 669 4459 πρᾶγμα
685 4392 767 4459 θήγει
783 4392 885 4461 βλάβης
900 4410 1282 4441 ναν-υᾼυμαυ.-
1364 4430 1369 4442 .

302 4476 371 4544 πρὸς
388 4476 480 4537 ἄλλαις
497 4478 633 4546 θἠγάναις
649 4479 791 4548 μάχαιραν.
903 4506 919 4527 υ
934 4501 981 4529 aa.
999 4501 1046 4528 ι..
1061 4499 1182 4529 Lea-u
1213 4503 1220 4520 ι
1299 4508 1315 4529 Λ
1365 4519 1371 4531 .
