3300 5059
386 228 512 285 270

1223 409 1270 456 ‘o
1306 403 1477 470 pater,
1515 421 1545 455 o
1582 405 1774 470 patria,
1813 418 1844 454 o
1879 400 2080 453 Priami
2117 401 2322 461 domus,

1221 498 1463 559 saeptum
1502 489 1733 543 altisono
1772 489 1990 543 cardine
2028 488 2314 555 templum!

1210 584 1322 633 uidi
1360 581 1460 647 ego
1496 587 1551 631 te
1589 584 1800 630 astante
1837 594 1937 644 ope
1973 575 2273 638 barbarica,

1216 668 1373 721 tectis
1412 668 1633 719 caelatis
1672 664 1918 729 lacuatis,

1214 772 1344 808 auro
1384 754 1545 806 ebore
1581 756 1898 806 instructam
1934 750 2190 819 regifice?

385 879 508 928 tum
570 868 655 926 ita
698 866 926 946 pergit:
976 870 1032 923 ‘o
1077 871 1319 944 poetam
1361 861 1703 941 egregium!
1755 908 1768 922 .
1804 905 1819 922 .
1855 905 1870 919 .
1906 905 1920 919 .
1969 859 2152 919 sentit
2199 858 2358 916 enim
2407 856 2612 914 omnia
2661 857 2979 935 repentina
3026 865 3091 915 et

383 974 746 1053 necopinata
791 990 923 1031 esse
966 970 1265 1049 graviora.
1313 967 1694 1047 exaggeratis
1751 966 1936 1044 igitur
1991 965 2176 1044 regiis
2221 961 2457 1042 opibuS,
2525 982 2677 1041 quae
2724 959 3092 1021 videbantur

391 1079 796 1158 sempiternae
841 1076 988 1149 fore,
1040 1073 1186 1154 quid
1230 1070 1545 1151 adiungit?

1216 1175 1352 1226 haec
1388 1172 1566 1224 omnia
1601 1172 1716 1223 uidi
1751 1169 2122 1234 inflammami,

1214 1259 1428 1313 Priam6
1466 1262 1525 1311 ui
1561 1262 1732 1311 uitam
1771 1256 2016 1322 euitarei,

1216 1351 1366 1402 Iouis
1402 1346 1549 1400 aram
1586 1350 1850 1414 sanguine
1887 1343 2120 1412 tiit-parci
2158 1344 2242 1413 (fr.
2281 1343 2351 1411 9).

389 1460 765 1541 praeclarum
812 1459 1078 1518 carmen!
1139 1466 1225 1517 est
1273 1458 1433 1516 enim
1499 1465 1559 1516 et
1602 1455 1780 1517 rebus
1846 1463 1907 1515 et
1950 1452 2151 1515 verbis
2199 1459 2259 1512 et
2305 1450 2496 1512 modis
2557 1450 2856 1529 lugubre.’
2924 1449 3090 1509 vide-

388 1586 520 1626 mus
564 1565 749 1645 igitur
794 1562 1149 1624 Ciceronem
1206 1562 1384 1621 huius
1430 1560 1549 1621 loci
1594 1559 2107 1643 pulchritudinem
2172 1578 2315 1618 vere
2359 1557 2659 1638 poeticam
2702 1555 2891 1636 probe
2953 1574 3090 1614 sen-

390 1673 538 1732 sisse
602 1679 663 1730 et
726 1668 907 1728 valde
970 1667 1327 1727 admiratum
1394 1685 1553 1742 esse3
1618 1685 1817 1745 neque
1878 1666 2041 1725 enim
2088 1665 2325 1737 omittit,
2393 1662 2536 1743 quin
2594 1662 2791 1742 prima
2841 1680 3084 1740 quaque

394 1778 707 1837 occasione
765 1774 910 1835 data
961 1773 1080 1834 huc
1144 1774 1459 1854 respiciat:
1526 1771 1602 1833 de
1666 1793 1751 1831 or.
1799 1770 1903 1831 III
1948 1772 2052 1852 26,
2106 1772 2225 1830 102
2294 1768 2604 1848 Aesopum
2670 1774 3094 1827 commemorat

394 1882 701 1963 aptissime
744 1879 1134 1961 pronuntiare
1180 1879 1423 1938 solitum
1468 1898 1597 1938 esse
1640 1876 1793 1938 haec
1838 1874 2300 1935 Andromachae
2361 1872 2550 1933 verba
2617 1871 2862 1932 flebilia.
2930 1871 3096 1951 ‘quid

394 1987 501 2046 ille
548 1985 716 2045 alter'
740 1982 1067 2065 (Aesopus)
1090 1983 1287 2061 inquit
1320 1982 1487 2063 ‘quid
1516 1990 1722 2062 petam
1750 1979 2096 2060 praesidii?
2131 2000 2310 2058 quam
2338 1978 2573 2052 leniter,
2619 1997 2800 2057 quam
2830 1976 3092 2049 remisse,

398 2111 577 2170 quam
621 2109 741 2148 non
788 2089 1057 2149 actuose!
1122 2088 1308 2148 instat
1362 2088 1524 2146 enim
1588 2090 1644 2146 ‘o
1691 2086 1880 2165 pater,
1949 2107 1984 2145 o
2049 2085 2266 2164 patria,
2331 2104 2366 2143 o
2410 2084 2637 2143 Priami
2694 2083 2905 2143 domus
2928 2081 2962 2139 1’
3031 2082 3096 2139 in

398 2215 515 2274 quo
552 2202 721 2253 tanta
752 2193 1109 2253 commoveri
1140 2192 1296 2251 actio
1327 2212 1443 2251 non
1465 2199 1688 2270 posset,
1724 2192 1775 2249 si
1806 2198 1962 2251 esset
1991 2196 2343 2268 consumpta
2373 2190 2685 2269 superlore
2703 2195 2870 2248 motu
2903 2194 2964 2247 et
2994 2205 3094 2246 ex-

401 2298 661 2359 hausta.’
709 2300 893 2359 Tusc.
918 2298 951 2356 I
983 2300 1084 2369 35,
1121 2298 1199 2357 85
1234 2295 1375 2355 inde
1405 2296 1560 2375 petit
1590 2303 2024 2374 argumentum,
2074 2314 2192 2373 quo
2224 2293 2589 2354 demonstret
2629 2295 2933 2353 fortunam
2964 2311 3096 2351 esse

402 2402 728 2463 volubilem
773 2422 971 2482 neque
1016 2420 1378 2481 quemquam
1433 2402 1489 2460 ei
1535 2398 1756 2460 debere
1802 2399 2123 2459 confidere.
2170 2408 2491 2479 praeterea
2536 2397 2613 2458 ad
2667 2397 2925 2458 eundem
2969 2394 3098 2455 An·

401 2507 759 2567 dromachae
803 2508 1001 2567 locum
1046 2514 1355 2586 spectant:
1406 2504 1480 2564 de
1512 2502 1615 2565 Or.
1648 2505 1750 2564 III
1793 2507 1896 2580 47,
1948 2507 2105 2579 1833
2154 2502 2258 2564 Or.
2309 2506 2411 2579 27,
2462 2506 2572 2578 933
2619 2504 2800 2564 Tunc.
2847 2502 2949 2561 ΠΙ
2991 2504 3097 2574 22,

401 2614 511 2688 53;
555 2633 665 2693 pro
698 2612 849 2672 Sest.
876 2611 978 2685 57,
1033 2612 1181 2685 121;
1232 2608 1307 2669 de
1340 2608 1565 2670 Or.III
1597 2611 1699 2683 58,
1750 2612 1894 2670 217.
1944 2609 2204 2689 denique
2241 2608 2453 2669 Cicero
2501 2630 2578 2669 ex
2625 2607 2838 2667 eadem
2884 2608 3096 2668 fabula

400 2718 579 2776 Tusc.
627 2717 661 2776 I
725 2720 829 2790 44,
922 2717 1051 2774 105.
1110 2710 1208 2797 (fr.
1260 2714 1365 2794 12)
1430 2723 1489 2773 et
1531 2715 1634 2773 III
1702 2717 1801 2795 195
1867 2716 1951 2774 44
2049 2716 2146 2794 (fr.
2220 2717 2324 2790 10)
2388 2712 2855 2773 Andromachae
2913 2711 3104 2772 verba

401 2822 614 2882 codem
651 2820 1016 2902 pertinentia
1059 2824 1205 2879 citat
1250 2828 1309 2879 et
1353 2809 1537 2879 Tusc.
1606 2820 1639 2879 I
1717 2823 1817 2893 21,
1867 2822 1948 2879 48
1998 2814 2096 2902 (fr.
2147 2816 2210 2903 6)
2259 2819 2638 2899 Polyxenae,
2709 2825 2775 2877 ut
2834 2817 3098 2891 videtur,

400 2927 609 3000 verba,
667 2944 820 3005 quae
865 2923 941 2985 de
1004 2926 1131 2983 vita
1197 2923 1495 2984 decedens
1558 2924 1759 2984 locuta
1804 2933 1895 2984 est
1942 2921 2044 3008 (cf.
2090 2924 2271 2985 Ribb.
2319 2926 2529 2985 Roem.
2577 2924 2762 3003 Trag.
2826 2942 2889 3003 p.
2960 2924 3104 2996 139,

404 3033 617 3112 Eurip.
663 3029 819 3090 Hec.
867 3032 993 3090 367
1039 3050 1150 3109 sq„
1200 3032 1324 3090 335
1374 3028 1511 3110 sq.).

615 3136 833 3215 Neque
887 3154 1031 3193 vero
1096 3135 1291 3193 minus
1347 3135 1646 3213 placuisse
1704 3133 1945 3194 videtur
2011 3131 2316 3193 Ciceronis
2382 3142 2653 3213 tempore
2718 3131 3110 3193 audientibus

405 3240 659 3299 Medea
721 3240 889 3299 exul
954 3234 1157 3320 (Ribb.
1206 3239 1316 3298 Tr.
1365 3240 1536 3299 Rom.
1584 3240 1658 3299 fr.
1705 3259 1766 3318 p.
1815 3241 1897 3297 43
1945 3258 2098 3318 sqq.,
2164 3239 2380 3300 Roem.
2429 3239 2611 3317 Trag.
2658 3259 2719 3318 p.
2764 3240 2887 3296 149
2922 3233 3109 3319 sqq),

407 3343 892 3423 quandoquidem
954 3344 1154 3421 ipsum
1215 3342 1393 3402 huius
1464 3343 1710 3402 fabulae
1777 3351 2191 3421 argumentum
2275 3344 2403 3403 eius
2466 3342 2629 3403 modi
2698 3350 2845 3424 erat,
2912 3352 2981 3402 ut
3050 3352 3113 3402 et

405 3457 623 3527 poetae
668 3469 899 3509 summa
941 3448 1195 3508 facultas
1244 3448 1489 3508 daretur
1537 3446 1615 3505 ad
1665 3447 1848 3506 animi
1913 3457 2106 3507 motus
2152 3447 2585 3527 depingendoS,
2635 3455 2696 3506 et
2757 3456 3111 3528 spectantes

408 3573 479 3613 eo
525 3552 628 3613 vel
671 3554 929 3613 maxime
974 3561 1511 3613 commoverentur.
1564 3551 1724 3630 quod
1771 3561 2187 3631 argumentum
2220 3574 2401 3633 quam
2443 3554 2627 3612 fuerit
2655 3560 2895 3631 gratum
2927 3561 3115 3631 atque

409 3667 738 3738 acceptum,
784 3658 927 3718 inde
988 3668 1159 3739 potes
1219 3658 1585 3737 perspicere,
1656 3659 1817 3736 quod
1881 3660 2061 3718 etiam
2127 3656 2385 3717 Ovidius
2450 3657 2726 3718 Medeam
2792 3658 3117 3737 scripsisse

414 3765 621 3846 fertur,
664 3784 783 3844 qua
826 3764 979 3823 nihil
1022 3764 1207 3822 fuisse
1252 3762 1470 3821 clarius
1530 3762 1780 3823 Tacitus
1828 3763 1973 3822 dicit
2036 3758 2209 3846 (dial.
2262 3759 2389 3846 12).
2456 3771 2636 3841 atque
2704 3762 2957 3841 plurimi
3008 3782 3116 3822 ex·

415 3877 545 3928 tant
591 3868 753 3948 apud
784 3867 1134 3928 Ciceronem
1180 3867 1317 3941 loci,
1368 3867 1584 3947 quibus
1631 3867 1707 3927 ad
1739 3868 1928 3928 Ennii
1973 3867 2349 3946 tragoediam
2395 3868 2658 3948 respicit,
2708 3868 2956 3946 saepius
3004 3867 3116 3941 ita,

409 3984 477 4034 ut
518 3973 874 4033 concludere
909 3974 1205 4053 possimus
1242 3993 1376 4031 eam
1412 4008 1497 4017 —
1532 3974 1813 4033 nimirum
1847 3994 1880 4033 e
1929 3994 2150 4034 scaena
2193 4008 2279 4016 —
2324 3993 2446 4031 non
2490 3972 2689 4032 minus
2756 3972 2846 4032 eis
2909 3972 3105 4032 fuisse

410 4087 632 4153 notam,
696 4077 775 4138 ad
820 4097 967 4159 quos
1013 4075 1223 4137 Cicero
1269 4079 1370 4138 vel
1414 4078 1619 4139 scribit
1661 4080 1764 4138 vel
1829 4078 2115 4158 loquitur,
2181 4086 2362 4157 quam
2412 4078 2555 4157 ipsi3
2627 4078 2704 4141 cf.
2751 4097 2863 4156 pro
2941 4075 3121 4137 Cael.

410 4188 468 4258 8,
522 4186 598 4244 18
671 4180 770 4267 (fr.
823 4180 908 4267 1),
964 4203 1074 4263 pro
1121 4183 1270 4241 Mur.
1319 4186 1423 4258 41,
1476 4185 1555 4242 88
1622 4178 1722 4265 (fr.
1794 4177 1920 4265 10),
1985 4204 2092 4263 pro
2149 4181 2301 4242 Rab.
2350 4183 2513 4242 Post.
2565 4185 2670 4255 11,
2721 4184 2800 4241 29
2871 4180 2972 4262 (fr.
3024 4184 3114 4255 7),

412 4290 489 4349 ad
553 4290 692 4349 fam.
757 4289 969 4373 VIIe
1029 4290 1129 4372 (fr.
1196 4290 1254 4363 5,
1322 4289 1400 4349 fr.
1452 4285 1583 4370 15),
1649 4286 1729 4345 ad
1788 4285 1918 4345 Att.
1963 4288 2092 4348 VH
2161 4291 2260 4362 26,
2341 4288 2373 4344 1
2443 4287 2538 4367 (fr.
2607 4282 2695 4369 7).
2761 4288 2824 4345 in
2899 4286 3125 4367 primis

410 4404 607 4454 autem
698 4395 876 4454 huius
948 4395 1190 4455 fabulae
1256 4393 1495 4470 initium
1560 4390 1773 4452 Cicero
1837 4412 2268 4472 usquequaque
2335 4390 2521 4451 habet
2579 4394 2642 4451 in
2687 4399 2999 4473 promptu.
3053 4400 3127 4450 ut

414 4501 574 4561 enim
618 4500 681 4559 in
725 4498 1035 4579 Euripidis
1081 4498 1333 4560 Medeae
1377 4500 1508 4578 ipso
1554 4498 1729 4557 initio
1776 4498 1984 4558 nutrix
2025 4497 2090 4557 in
2135 4517 2414 4558 scaenam
2446 4496 2664 4578 prodit,
2715 4519 2851 4558 cum
2886 4496 3122 4579 cupido
