3300 5059
139 178 202 241 154

138 373 196 433 den
207 372 485 449 Todtcnreigen
501 366 625 452 tannen)
637 368 744 428 eodem
760 366 849 427 modo
860 369 1030 440 formatum,
1049 384 1109 447 quo
1119 364 1291 448 ἐπίβουλος
1301 364 1490 445 Suppl.595‚

138 476 289 552 ἐπίκοτος
312 478 412 540 Prom.
438 478 510 548 627,
537 474 618 555 Sept.
644 476 717 548 771,
741 472 925 555 ἐπίφθονος
947 476 1006 552 Ag.
1035 474 1105 545 139,
1129 470 1288 553 ἐπίφοβος
1309 471 1369 549 Ag.
1397 472 1490 546 1150,

139 580 282 665 ἐπίχαρις
305 580 388 662 Sept.
405 582 478 641 894.
503 601 581 660 quse
605 600 672 639 cum
694 581 736 637 ita
758 580 827 650 sint,
850 599 903 638 cur
925 575 1082 660 ἐπίφονος
1104 577 1233 635 civitatis
1256 596 1365 657 expers
1388 576 1494 636 liutet

139 706 156 745 s
170 686 276 745 lexicis
288 686 423 759 eiciatur,
442 694 545 766 utpote
559 685 630 743 satis
645 684 751 743 borum
766 683 981 743 adiectivorum
991 683 1130 760 analogia
1141 679 1306 756 defensum,
1317 702 1376 741 nou
1393 682 1491 745 elicio.

138 797 240 862 restat,
252 799 285 849 ut
300 792 408 865 varias,
421 790 529 869 quibus
539 789 588 849 bic
602 790 686 848 loeus
701 798 863 868 temptatus
873 797 927 862 est,
938 790 1123 847 coniecturas
1134 806 1314 851 enumerem.
1325 786 1491 847 Scboleiied

138 895 255 974 scripsit
286 894 476 978 ὀρχησμοῑσί
506 896 531 955 τ’
556 891 737 975 ἐπιφόνοις,
776 893 877 952 Hesth
913 892 1085 975 ὀρχησμοῖς
1111 894 1138 952 τ’
1154 889 1350 973 ἐπιφθόνοις
1379 892 1492 970 ποδός,

141 999 222 1077 quod
247 1019 349 1058 omnes
365 999 428 1057 iere
443 1006 477 1057 nt
491 996 695 1075 Aeschylsum
712 1006 899 1076 receperunt,
914 998 1030 1075 Burges
1046 996 1236 1078 ὀρχησμοῐσί
1257 999 1283 1057 τ’
1301 995 1491 1077 ἀφθόγγοις.

231 1103 319 1161 Eum.
345 1104 406 1161 538
430 1105 602 1181 sq.=550
625 1124 685 1181 sq.:
1017 1170 1021 1178 ν

187 1215 237 1269 str.
262 1205 298 1269 ἐκ
322 1207 349 1269 d’
366 1206 504 1288 ὑγιεί-ος
527 1214 657 1290 φρενῶν
681 1206 698 1268 ὁ
720 1213 799 1268 πᾶσι
823 1209 916 1289 φίλος
974 1238 990 1265 ,ν
1007 1246 1037 1266 ιι
1051 1240 1098 1266 u*
1119 1239 1122 1287 Ι
1144 1236 1337 1266 ιωω-

180 1319 242 1373 unt.
265 1311 320 1373 καί
343 1308 530 1392 ξενοτίμοος
550 1308 554 1393 Ι
574 1311 734 1392 δωμάτων
757 1308 1039 1394 ἐπιστροφὰςψψ
1051 1362 1071 1371 -
1088 1342 1123 1391 ,ἰ
1146 1338 1276 1369 mes
1289 1348 1339 1369 e-

141 1415 315 1476 Wecklinio
338 1416 428 1475 valde
453 1415 610 1497 probabile
633 1416 731 1475 visum
755 1425 800 1475 est
823 1416 949 1475 Heatbii
970 1426 1174 1475 commentum
1196 1416 1228 1473 in
1250 1435 1280 1473 v.
1306 1416 1370 1473 599
1394 1420 1493 1476 πᾶσιν

143 1519 301 1581 scribentis
325 1529 355 1581 et
377 1522 408 1579 in
430 1542 461 1583 v.
485 1521 543 1581 551
571 1519 665 1579 verba
687 1522 729 1581 its
752 1521 987 1600 transponentis:
1012 1517 1211 1603 ἐπιστροφὰς
1233 1518 1402 1601 δωμάτων.
1430 1528 1494 1577 tum

142 1626 174 1683 in
202 1632 253 1684 str.
278 1634 308 1684 et
336 1634 395 1684 sut.
420 1624 513 1684 habes
542 1645 681 1686 numeros
704 1645 759 1706 per
781 1645 814 1685 se
836 1627 909 1687 satis
932 1626 1103 1685 concinuos.
1141 1624 1284 1703 Hartuug
1319 1625 1351 1683 in
1374 1643 1404 1687 v.
1430 1624 1492 1683 551

140 1729 252 1810 δόμων
280 1730 433 1811 praetulit.
466 1730 607 1811 equidem
639 1752 658 1790 a
680 1730 815 1791 Mediceo
850 1751 911 1791 non
943 1731 1063 1807 recessi,
1091 1732 1149 1789 nisi
1179 1728 1259 1810 quod
1286 1729 1492 1788 colomctrinm

142 1853 208 1892 meo
241 1835 352 1894 iudicio
375 1836 515 1895 vitiosam
543 1837 696 1896 leuissima
725 1834 862 1895 adbibita
889 1834 1008 1894 medela
1032 1835 1148 1897 sanavi.
1181 1834 1323 1893 librarius
1346 1835 1428 1893 onim
1451 1835 1493 1892 ita

141 1936 304 2017 dispescuit
319 1959 424 1999 versus
448 1940 627 2021 strophicos:
652 1938 688 2004 ἐκ
708 1940 736 2002 d'
747 1940 871 2022 ὑγιείας
893 1948 1024 2023 φρενῶν
1043 1935 1048 2023 Ι
1068 1938 1087 2002 ὁ
1109 1944 1189 2019 πᾶσι
1211 1939 1305 2021 φίλος
1326 1938 1391 2016 καὶ,
1414 1937 1494 2018 quod

141 2042 285 2103 vitiosum
309 2063 374 2103 esse
396 2045 560 2124 unicuique
584 2044 802 2123 antistropham
827 2045 1001 2124 respicienti
1024 2045 1054 2102 in
1077 2045 1238 2124 propatulo
1260 2052 1314 2103 cst.
1339 2043 1494 2124 displicuit

142 2148 169 2205 ei
192 2149 297 2225 procul
322 2147 413 2208 dubio
437 2148 618 2229 discerptum
645 2148 803 2231 ὑγιεί-ας,
828 2148 908 2229 quod
930 2150 983 2208 uni
1007 2150 1109 2208 versui
1133 2147 1278 2208 adtribuit
1301 2157 1341 2222 ot,
1375 2157 1408 2208 ut
1433 2150 1494 2207 iam

144 2272 238 2310 unum
263 2254 369 2312 vitium
404 2252 531 2312 alterum
563 2273 721 2333 procreare
749 2254 835 2325 solet,
868 2260 1001 2338 φρενῶν
1027 2254 1058 2311 in
1083 2252 1212 2313 eundem
1236 2254 1341 2312 reiecit
1363 2273 1492 2312 versum.

142 2358 264 2435 saepius
298 2358 377 2417 enim
413 2378 491 2430 eum,
526 2359 577 2439 qui
600 2357 767 2419 Mediceum
801 2360 950 2437 exaravit,
983 2360 1013 2416 in
1044 2358 1218 2417 colometria
1246 2359 1290 2417 ita
1311 2358 1496 2438 peccavisse,

142 2470 177 2521 ut
192 2459 319 2521 verbum
341 2464 419 2522 inter
434 2462 521 2522 binos
537 2462 728 2522 distributum
743 2463 908 2522 versiculos
923 2462 977 2521 uni
994 2463 1121 2521 alterive
1136 2462 1320 2541 adsignsrst,
1343 2463 1495 2522 neminem

143 2566 251 2625 harum
274 2586 371 2626 rerum
395 2567 527 2647 peritum
549 2568 634 2629 latet.
657 2567 815 2641 contende,
840 2568 866 2628 si
889 2567 981 2640 lubet,
1005 2569 1036 2626 in
1053 2568 1218 2627 Wecklinii
1235 2566 1494 2628 adu.crit.Prom.

144 2674 217 2745 918,
251 2672 333 2731 Pers.
361 2675 454 2746 1028,
481 2670 564 2754 Sept.
592 2673 662 2747 195,
688 2674 760 2747 327,
786 2675 859 2747 815,
885 2673 957 2747 685,
982 2675 1055 2746 693,
1081 2674 1155 2752 745,
1179 2674 1238 2750 Ag.
1266 2674 1336 2745 194,
1365 2672 1497 2751 denique

149 2778 222 2849 281,
246 2775 299 2835 ubi
321 2776 448 2857 perinde
471 2787 563 2858 atque
586 2778 643 2838 boe
666 2778 731 2837 loco
755 2799 814 2836 non
838 2777 928 2837 modo
950 2797 1041 2837 unam
1064 2777 1223 2857 syllabam,
1248 2775 1302 2836 sed
1323 2778 1413 2836 etiam
1428 2777 1495 2836 sub-

145 2900 274 2960 sequens
298 2882 421 2941 verbum
445 2882 592 2962 superiori
616 2880 733 2942 addidit
756 2884 858 2942 versui
881 2881 1009 2941 Medicei
1032 2882 1182 2941 librarius.

231 2988 298 3045 Iam
321 3007 393 3046 vcro
415 2987 441 3045 si
464 2987 548 3061 haec,
580 3009 659 3067 quae
683 2988 781 3047 adbuc
803 2988 1113 3060 commemoravimus,
1137 2995 1218 3045 recte
1241 2994 1312 3045 sunt
1334 2985 1495 3067 disputata,

143 3112 181 3151 ne
216 3094 259 3151 eis
287 3092 410 3171 quidem
440 3093 515 3152 locis
551 3094 638 3152 metri
672 3094 882 3153 concinnitatis
920 3112 1010 3152 causa
1044 3093 1207 3172 quicquam
1239 3090 1415 3151 addendum
1444 3091 1495 3149 vel

141 3195 337 3255 recidendum
362 3216 427 3256 esso
448 3199 606 3271 contendo,
631 3199 683 3258 ubi
698 3198 830 3258 leuiores
847 3218 939 3278 quam
961 3199 990 3256 in
1007 3196 1164 3278 permultis
1180 3197 1241 3257 illis
1258 3198 1317 3255 iam
1333 3196 1493 3276 propositis

143 3300 288 3380 exemplis
310 3300 477 3361 medicinae
500 3304 530 3361 in
553 3312 696 3384 promptu
719 3311 797 3363 sunt.

230 3404 291 3483 Ag.
316 3406 518 3467 205=218:

185 3516 236 3571 str.
260 3516 346 3571 νεῶν
368 3510 422 3573 καὶ
444 3512 629 3592 πεισμάτων
651 3511 796 3595 ἀφειδεῖς
873 3543 1068 3573 οτι-μῶυ.
1084 3543 1167 3573 eu,

179 3621 238 3671 ant.
263 3613 378 3677 τέκνον
401 3612 511 3694 delier,
534 3617 646 3698 δόμων
669 3620 803 3699 ἄγαλμα.
871 3646 1167 3678 ocensem-

142 3717 172 3774 iu
194 3738 224 3779 v.
249 3719 312 3779 205
335 3720 446 3782 saxosi
469 3722 582 3780 Porson
605 3722 744 3781 omuibus
767 3722 920 3802 probavit.

229 3820 289 3901 Ag.
315 3828 429 3885 384:
442 3828 519 3887 401:

186 3936 236 3987 str.
260 3933 405 3994 πατοῖθ’·
431 3931 448 3993 ὃ
471 3931 499 3993 d'
517 3930 577 3993 οὐκ
599 3931 732 4013 εὐσεβής
766 3962 971 3995 cucuso-

180 4042 241 4093 ent.
264 4036 364 4119 τρίβφ
386 4035 440 4097 καί
462 4034 667 4117 προσβολαῖς.
768 4070 817 4095 oc
852 4069 876 4096 u
897 4067 936 4096 ae

142 4160 176 4201 τε
200 4149 268 4199 ante
291 4140 346 4203 καὶ
368 4139 491 4199 addidit
508 4140 682 4212 Triclinius,
706 4143 847 4222 τρίβοισι
868 4140 923 4202 καί
945 4141 1077 4199 Karsten
1101 4139 1229 4218 scripsit.

229 4244 318 4303 Eum.
344 4244 451 4304 495=
463 4246 540 4304 504:

187 4357 238 4407 str.
261 4349 427 4432 κρατή-σει
449 4350 524 4412 dines
547 4348 602 4411 uoci
623 4349 727 4432 βλάβα
823 4380 1035 4409 ιιι-15-

180 4460 241 4513 ant.
265 4450 411 4536 ἐφέρ-ψει
432 4454 527 4529 κότος
548 4475 597 4529 τις
618 4451 799 4537 ἐργμάτων.
826 4485 904 4515 .·.c-
918 4484 1025 4513 cae„
