3300 5059
185 177 247 240 656

187 372 268 431 enim
285 369 391 431 Cicero
406 369 465 430 hae
481 369 612 451 epistula
626 390 743 430 summa
759 390 825 429 cum
843 378 906 429 arte
923 367 1089 449 composita
1113 378 1143 429 et
1166 378 1200 429 ut
1224 368 1291 451 ipse
1309 378 1378 451 post
1394 366 1540 449 gloriatus

188 485 234 537 est
257 472 309 558 (ad
331 475 396 537 Att.
420 476 487 536 ΠΠ
510 478 540 550 6,
563 472 597 558 4)
623 474 722 534 ‘valde
743 472 845 547 bella’,
877 474 914 533 L.
951 474 1124 553 Lucceium,
1155 476 1332 555 scriptorem
1362 474 1536 536 historicum

188 580 269 641 haud
293 580 467 660 ignobilem,
490 590 524 640 ut
547 579 698 640 derebus
721 580 752 639 in
777 580 935 640 consulatu
961 601 979 639 a
1004 600 1037 639 se
1061 580 1153 659 gestis
1177 588 1206 639 et
1230 579 1268 639 de
1300 579 1392 640 exilio
1426 580 1536 641 reditu-

185 706 243 765 que
265 703 319 744 suo
335 685 564 745 commentarios
587 693 757 764 componat.
782 691 886 763 ‘atque
907 682 973 744 hec'
997 685 1096 763 inquit
1116 684 1328 764 ‘praestantius
1348 668 1425 743 inihi
1446 686 1538 745 fuerit

185 798 215 849 et
230 788 269 849 ad
284 790 432 849 laetitiam
455 798 486 849 et
502 788 540 849 ad
563 790 727 849 memoriae
744 787 933 868 dignitatem,
958 790 1030 849 siin
1046 796 1098 848 tna
1114 789 1226 870 scripta
1241 808 1408 869 pervenero
1425 834 1536 855 .....

185 893 265 974 quod
288 915 348 954 non
371 895 526 972 ingenium
551 894 625 954 mihi
648 891 995 974 solum'suppeditatnm
1017 894 1108 953 fuerit
1130 902 1216 953 tuum
1240 939 1353 959 .....
1376 894 1538 955 sedetiam

184 1002 348 1060 auctoritas
364 1000 525 1061 clarissimi
550 1009 580 1061 et
596 1000 808 1080 spectatissimi
823 1000 884 1059 viri
901 1009 931 1060 et
954 1002 985 1059 in
1008 1000 1052 1059 rei
1068 998 1211 1080 publicae
1233 1000 1373 1060 maximis
1394 986 1537 1079 gravissi·

182 1105 300 1185 misque
323 1107 421 1166 causis
445 1105 557 1184 cogniti
579 1114 673 1183 atque
695 1105 727 1165 in
750 1105 856 1184 primis
879 1104 1000 1185 probati
1024 1149 1162 1167 .....
1186 1104 1287 1185 placet
1317 1106 1399 1165 enim
1422 1105 1540 1165 Hector

183 1210 237 1268 ille
258 1210 333 1270 mihi
348 1212 534 1291 Naevianus,
558 1212 610 1290 qui
633 1195 693 1271 non
717 1218 835 1270 tantum
857 1210 977 1270 laudari
1000 1229 1033 1270 se
1054 1210 1196 1283 laetatur,
1220 1210 1273 1272 sed
1296 1210 1380 1271 addit
1404 1212 1496 1271 etiam
1521 1231 1540 1269 a

45 1380 50 1388 ,
76 1307 78 1310 ¹
182 1314 305 1375 laudato
329 1316 419 1390 viro’;
444 1317 481 1375 cf.
506 1315 598 1375 etiam
620 1315 659 1375 ad
681 1316 752 1376 fam.
775 1315 838 1376 XV
861 1318 890 1396 6,
917 1319 947 1377 1.

286 1420 381 1481 Porro
408 1419 467 1480 duo
502 1428 607 1480 extant
636 1422 669 1481 iu
692 1419 846 1481 Ciceronis
874 1419 915 1479 'de
948 1428 1103 1480 senectute
1134 1419 1212 1480 libro
1234 1439 1338 1479 versus
1363 1441 1402 1481 ex
1425 1420 1540 1481 Naevii

182 1521 316 1607 Ludo¹)
340 1526 429 1606 petiti
452 1521 542 1608 (Cato
567 1529 596 1607 6,
614 1522 682 1607 20),
706 1524 814 1605 quibus
839 1527 1004 1605 castigatur
1020 1524 1256 1585 adulescentium
1280 1526 1443 1587 temeritas.
1467 1546 1539 1585 nam

183 1649 251 1689 cnm
273 1631 493 1710 interrogatum
515 1631 553 1690 sit

378 1752 462 1814 ι6666,
481 1749 528 1817 qui
545 1756 665 1802 nestram
683 1766 740 1801 rem
757 1748 895 1817 publicam
913 1756 1018 1803 tantam
1035 1747 1162 1803 dmisistis
1180 1748 1236 1802 tam
1255 1749 1343 1812 citoi',

182 1858 240 1919 hoc
262 1857 462 1939 respondetur
485 1858 515 1917 in
538 1857 658 1939 primis:

468 1976 674 2045 ‘proueniebant
693 1976 812 2029 oratores
833 1976 906 2043 noni,
925 1979 1000 2031 stulti
1020 1976 1232 2042 adulescentuli,

183 2106 262 2167 quae
291 2086 334 2145 sic
367 2083 511 2144 Catonem
543 2087 617 2144 facit
648 2087 912 2167 interpretantem:
947 2088 1113 2147 ‘temeritas
1146 2095 1192 2146 est
1223 2084 1367 2145 videlicet
1400 2082 1538 2143 florentis
1623 2122 1624 2137 r

181 2191 302 2268 aetatis,
325 2190 486 2271 prudentia
501 2192 708 2250 senescentis'.
732 2212 822 2252 versu
839 2200 939 2251 autem
961 2192 1128 2273 posteriore
1143 2191 1225 2252 haud
1247 2194 1308 2252 scio
1332 2210 1370 2249 an
1385 2189 1536 2270 Naevius,

185 2296 237 2374 qui
269 2304 334 2354 erat
368 2296 432 2354 eins
463 2315 527 2354 mos
550 2297 599 2372 (cf.
624 2293 705 2356 Gell.
728 2295 779 2355 III
803 2298 832 2374 3,
858 2293 922 2380 15),
948 2297 1081 2377 aliquem
1104 2316 1143 2356 ex
1174 2297 1217 2357 eis
1248 2295 1446 2374 lacessiverit,
1481 2293 1537 2372 qui

183 2408 248 2459 tum
270 2400 301 2459 in
326 2420 359 2458 re
381 2400 506 2479 publica
528 2400 656 2459 multum
679 2399 825 2460 valebant
848 2404 947 2479 gratia
962 2411 992 2461 et
1015 2403 1205 2481 auctoritate,
1228 2403 1272 2461 ita
1293 2409 1328 2460 ut
1349 2418 1456 2460 versus
1480 2398 1536 2457 ille

180 2524 242 2564 non
265 2505 363 2564 minus
386 2506 514 2565 fortasse
535 2506 626 2564 fuerit
648 2514 747 2578 notus,
781 2526 872 2585 quam
894 2507 969 2566 illud
999 2508 1070 2566 ‘fato
1094 2505 1208 2566 Metelli
1227 2506 1334 2567 Remai
1365 2505 1440 2565 fiunt
1465 2505 1536 2563 edn-

179 2606 279 2673 sules'
317 2630 417 2690 neque
447 2610 539 2689 igitur
571 2610 689 2689 mirum,
723 2612 748 2670 si
779 2609 812 2670 hi
843 2612 1033 2691 potissimum
1060 2632 1165 2672 versus
1198 2631 1237 2671 ex
1259 2610 1396 2671 omnibus
1419 2610 1535 2670 Naevii

181 2714 352 2794 comoediis,
377 2736 503 2795 quarum
525 2735 586 2774 non
609 2716 737 2795 exiguus
762 2724 826 2776 erat
848 2736 999 2796 numerus,
1023 2738 1042 2775 a
1065 2716 1211 2777 Cicerone
1233 2716 1373 2778 citantur.

280 2820 423 2899 Denique
455 2819 688 2900 proverbialiter
714 2829 892 2901 usurpatum
923 2822 1015 2881 fuisso
1049 2820 1180 2902 videtur,
1214 2820 1296 2901 quod
1319 2819 1425 2882 Cicero
1447 2821 1535 2885 Phil.

179 2924 214 2984 II
238 2927 290 3004 27,
316 2927 355 2984 66
381 2923 419 2984 (16
441 2925 587 3005 Antonio,
612 2927 696 2986 cuius
718 2928 813 2987 vitam
837 2926 982 2987 describit
1005 2927 1194 3005 flagitiosam,
1229 2926 1318 3007 petiit
1341 2945 1379 2985 ex
1402 2925 1533 2986 Naevio.

177 3038 337 3111 postquam
357 3031 437 3091 enim
457 3032 597 3112 exposuit
614 3032 780 3091 Antonium
803 3033 931 3113 Pompei
953 3032 1042 3107 bona,
1077 3053 1156 3112 quae
1180 3030 1234 3092 sub
1258 3032 1344 3104 hasta
1366 3033 1535 3114 venisseut,

178 3137 275 3195 solum
298 3137 472 3217 arripuisse,
497 3138 540 3196 sic
561 3138 675 3217 pergit:
701 3132 765 3198 ‘sed
787 3148 822 3197 nt
846 3147 891 3197 est
913 3137 994 3219 apud
1015 3145 1150 3218 poetam,
1174 3138 1276 3197 nescio
1300 3156 1400 3217 quem,

549 3254 621 3307 mlle
638 3263 718 3325 parta
735 3258 806 3308 male
826 3256 992 3309 dilabuntur'
1011 3257 1075 3325 (inc.
1095 3258 1113 3309 f.
1134 3257 1169 3325 1).

177 3361 252 3420 haec
274 3370 344 3421 sunt
372 3362 482 3442 omnia,
518 3382 596 3442 quae
619 3384 657 3423 ex
680 3364 792 3423 Naevii
815 3364 934 3444 scriptis
958 3363 1040 3444 apud
1063 3361 1241 3426 Ciceronem
1262 3364 1413 3424 invenies.
1439 3383 1534 3443 quem
1620 3408 1621 3445 ἒ

179 3485 361 3546 quamquam
392 3468 584 3547 perspicuum
617 3477 662 3528 est
696 3470 807 3528 Naevii
844 3470 1021 3548 dignitatem
1053 3470 1149 3550 pluris
1186 3470 1293 3529 fecisse
1324 3487 1415 3548 quam
1447 3466 1535 3527 Livii

178 3567 440 3653 (commemoratur
474 3575 554 3633 enim
577 3574 714 3633 Naevius
737 3583 790 3633 aut
821 3575 887 3634 eius
909 3576 1023 3655 scripta
1045 3573 1238 3654 duodeciens,
1261 3573 1369 3633 Livius
1395 3570 1533 3655 quater),

178 3683 279 3734 tamen
301 3676 342 3755 id,
367 3676 448 3757 quod
472 3698 562 3758 supra
584 3677 623 3737 de
640 3677 794 3739 Ciceronis
816 3678 924 3739 studiis
940 3679 1110 3739 Naevianis
1134 3678 1275 3758 diximus,
1298 3677 1535 3758 respicientibus

176 3778 263 3839 nobis
286 3800 428 3840 versuum
459 3782 649 3841 laudatorum
672 3791 810 3842 naturam
841 3783 1067 3863 proverbialem
1089 3803 1162 3843 sane
1186 3781 1408 3862 comprobatur,
1441 3802 1535 3862 prae-

176 3886 280 3944 sertim
304 3906 371 3944 cum
393 3906 432 3944 ne
456 3886 576 3946 illarum
600 3888 721 3968 quidem
744 3888 924 3963 fabularum,
958 3908 1036 3969 quae
1064 3888 1204 3949 dicuntur
1236 3895 1422 3968 praetextae,
1455 3906 1535 3965 quas

176 3999 238 4050 tres
271 3992 425 4071 scripsisse
458 3992 554 4051 fertur
576 3994 720 4069 Naevius,
744 4029 789 4039 -
810 3995 870 4053 nisi
900 3996 978 4054 forte
1010 4014 1077 4053 cum
1100 3992 1269 4055 Ribbeckio
1301 3992 1353 4051 illa
1378 3990 1463 4051 ‘cedo
1490 4040 1497 4053 .
1526 4037 1533 4050 .

177 4094 404 4157 adulescentuli
427 4097 464 4157 ad
480 4098 601 4177 Lupum
622 4101 718 4158 mavis
734 4101 846 4159 referre
862 4135 904 4145 -
921 4100 1103 4160 mentionem
1119 4118 1262 4178 nmquam
1285 4097 1391 4157 fecerit
1408 4095 1533 4175 Cicero,

176 4199 208 4259 id
232 4201 312 4281 quod
334 4204 435 4261 facere
458 4223 526 4262 eum
548 4211 654 4283 utpote
676 4204 829 4265 hominem
853 4213 988 4285 togatum
1012 4204 1144 4286 quodam
1167 4203 1254 4263 modo
1280 4202 1435 4267 decebat.-

281 4391 299 4453 1)
310 4391 479 4457 Hancprobo
491 4394 659 4459 scripturam,
674 4409 728 4460 qua
746 4400 856 4461 recepta
873 4395 1015 4463 palliatam
1038 4394 1185 4463 significari
1210 4398 1312 4447 certum
1332 4396 1384 4457 est;
1404 4392 1534 4444 Ribbeck

178 4481 272 4525 contra
291 4478 382 4542 Lupus
399 4473 514 4546 recepit,
533 4481 566 4532 cf.
585 4484 666 4549 Trag.
685 4484 760 4534 Rom.
781 4483 813 4535 fr.
831 4501 857 4550 p.
877 4486 935 4536 2⁷8.
