3300 5059
182 195 259 272 so

180 405 211 461 in
244 422 303 481 quo
336 401 446 479 legitur
473 396 554 476 αἷφα
579 398 733 484 νόησαν);
770 404 832 460 269
865 401 975 484 πλεύρ’
1007 399 1204 481 ἐφύλασσον,
1235 387 1347 450 XXVI
1371 390 1411 446 10
1441 387 1551 447 πάντ’

180 505 326 590 ἐθεώρει,
365 509 403 566 16
428 505 462 567 αἱ
496 506 524 568 δ’
540 504 679 568 ἐδίωκον
717 505 795 585 (οοό.
832 527 848 564 c
879 506 913 568 αἱ
945 505 981 567 δὲ
1013 499 1160 582 δίωκον),
1193 499 1233 556 28
1265 493 1361 556 τῶνδ’
1378 489 1550 573 ἐμόγησεν

181 610 281 694 (codd.
306 612 386 670 enim
410 631 434 683 c,
471 611 500 669 D
529 610 673 670 exhibent
699 611 795 673 τῶνδ’
813 609 962 692 ἐμόγησε,
995 608 1050 668 sed
1077 614 1157 665 totus
1184 602 1269 660 locus
1296 597 1382 656 vario
1405 596 1497 655 modo
1527 616 1548 653 a

180 717 291 776 criticis
313 724 476 795 temptatus
500 715 570 796 est.)
593 715 703 775 similia
726 718 918 795 reperiuntur
941 715 972 772 in
996 735 1037 776 cc.
1060 711 1131 770 dab.
1153 706 1235 767 XXI
1254 707 1296 765 42
1320 701 1551 782 καθεζόμενος

180 815 374 883 δ’ἐδόκευον
398 816 468 902 (hoc
489 819 636 898 praebent
651 819 720 878 libri
744 840 768 892 c,
797 823 846 892 11,
873 822 926 894 18;
955 817 991 881 δὲ
1014 817 1153 879 δόκευον
1176 811 1243 872 edd.
1266 811 1349 869 Iunt.
1373 814 1403 866 ct
1431 800 1546 885 call),

179 925 293 984 XXIII
320 927 360 984 52
388 922 437 1004 ἠδ’
454 921 648 1005 ἐκρεμάσθη,
676 926 717 982 54
747 923 816 986 οὐδ’
833 922 996 1005 ἐλυφίχθη.
1029 920 1075 979 bis
1108 927 1224 977 tantum
1257 936 1276 973 a
1307 911 1471 972 Theocrito
1508 909 1544 966 in

180 1029 268 1088 huius
305 1027 386 1086 modi
425 1028 528 1086 formis
564 1036 768 1108 augmentum,
810 1026 891 1106 quod
930 1026 1004 1084 elisa
1038 1023 1136 1082 vocali
1174 1019 1259 1079 finali
1294 1018 1378 1076 vocis
1413 1033 1543 1093 praece·

180 1133 279 1192 dentis
310 1132 401 1190 facile
432 1133 544 1192 servari
575 1140 702 1212 poterat,
735 1132 920 1209 neglegitur3
949 1129 1002 1189 sed
1035 1138 1162 1207 utroque
1194 1125 1260 1183 loco
1289 1120 1442 1180 clausulae
1469 1138 1543 1178 ver·

180 1256 267 1295 suum
297 1236 440 1314 leguntur
471 1235 664 1294 Homericae:
705 1235 787 1294 XIII
815 1238 856 1294 32
889 1234 983 1295 δαῖτα
1014 1232 1154 1294 πένοντο
1182 1226 1233 1311 (ci.
1263 1227 1353 1285 Hom.
1386 1225 1421 1284 Σ
1445 1219 1542 1301 558),

179 1339 253 1399 ibid.
277 1343 319 1400 40
341 1340 444 1402 πολλὰ
465 1341 603 1421 πεφύκει
627 1339 678 1422 (cf.
702 1338 794 1403 Hom.
818 1360 834 1400 ε
857 1341 919 1398 238
937 1365 979 1390 =
1005 1339 1065 1396 241
1090 1333 1198 1416 μακρὰ
1219 1331 1388 1412 πεφύκειν,
1416 1331 1448 1388 Δ
1474 1330 1541 1386 109

180 1443 440 1525 ἑκκαιδεκάδωρα
471 1445 633 1528 πεφύκει).
677 1443 716 1502 ad
753 1463 829 1523 quos
864 1443 946 1502 locos
982 1440 1129 1500 accedunt
1160 1437 1219 1496 duo
1256 1457 1294 1494 ex
1325 1433 1419 1512 edyll.
1449 1431 1539 1489 duh:

179 1549 243 1608 XX
272 1551 312 1608 23
344 1549 537 1630 κροτάφοισι
567 1549 713 1628 κέχυντο,
744 1547 816 1609 ibid.
852 1549 892 1606 38
924 1545 1017 1607 παιδὶ
1047 1541 1189 1605 κάθευδε
1223 1543 1417 1618 (quamquam
1447 1535 1478 1594 h.
1516 1536 1539 1597 l.

181 1655 270 1712 ctiam
293 1677 305 1714 ι
329 1653 422 1712 dativi
439 1652 599 1731 singularis
622 1652 756 1712 elisionis
780 1653 943 1731 impatiens
966 1651 997 1708 in
1021 1668 1144 1708 censum
1160 1647 1265 1716 venit).
1290 1642 1428 1702 similiter
1443 1650 1538 1719 atque

180 1761 211 1817 in
235 1758 385 1838 clausulis,
411 1777 484 1836 quas
507 1757 611 1829 adtuli,
639 1765 801 1835 augmento
824 1757 976 1814 instructis
1000 1773 1046 1812 ros
1070 1773 1103 1812 se
1125 1750 1218 1810 hahet
1240 1771 1270 1807 v.
1291 1747 1389 1808 XXII
1411 1749 1470 1805 161
1497 1744 1538 1816 ἅς

179 1865 207 1924 κ’
218 1861 349 1943 ἐθέλητε
359 1860 476 1944 (omues
491 1861 560 1920 libri
575 1863 686 1919 formas
696 1860 782 1920 verbi
797 1857 938 1922 ἐθέλειν
946 1857 1105 1937 praebent,
1123 1874 1304 1934 quamquam
1320 1873 1380 1911 non
1396 1849 1533 1910 easdem:

181 1966 245 2026 cod.
280 1973 317 2028 11
351 1964 443 2024 habet
474 1963 616 2044 ἐθέλητε,
652 1963 704 2023 lib.
741 1967 779 2024 13
812 1961 973 2043 ἐθέληται,
1008 1983 1038 2020 m
1070 1959 1236 2036 ἐθέλοιτε).
1279 1957 1386 2016 eodem
1417 1965 1537 2033 spectat

178 2089 249 2132 usus
272 2068 367 2127 dativi
389 2069 516 2148 pluralis
539 2071 570 2127 in
598 2069 697 2130 -έεσσι
731 2068 893 2126 desinentis
925 2069 956 2125 in
980 2067 1223 2125 hexametrorum
1258 2064 1354 2122 exitu:
1386 2061 1468 2118 XIII
1492 2062 1536 2118 54

178 2175 393 2257 παρεψύχοντ’
417 2173 574 2250 ἐπέεσσιν,
600 2173 697 2232 XXII
722 2176 781 2233 143
807 2171 855 2234 ἐπ’
877 2171 1057 2253 ἀλλοτρίοις
1078 2170 1248 2249 λεχέεσσιν,
1277 2165 1386 2246 quibus
1409 2167 1440 2222 in
1464 2185 1528 2223 ver-

180 2279 261 2340 sibus
292 2279 382 2338 facile
414 2277 565 2337 clausulae
592 2277 768 2355 trisyllabae
791 2277 929 2336 adhiberi
957 2284 1098 2355 poterant
1120 2271 1278 2333 scribendo
1303 2269 1534 2351 παρεύύχοντο

181 2384 311 2446 ἔπεσσιν
335 2378 447 2467 (hiatus
471 2383 550 2441 onim
574 2392 643 2440 aute
658 2381 840 2440 vocabulum
864 2380 941 2454 ἔπος
960 2401 1021 2438 non
1037 2378 1211 2450 offenderet,
1236 2375 1289 2436 sed
1305 2374 1529 2434 memorandum

182 2497 226 2558 est
248 2491 420 2558 Homerum,
453 2486 505 2545 ubi
528 2486 662 2544 dativum
685 2487 763 2565 plur,
798 2486 887 2545 huius
911 2484 1051 2543 vocabuli
1074 2485 1103 2541 iu
1128 2503 1232 2541 versus
1260 2481 1342 2540 exitu
1366 2480 1532 2556 usurpavit,

181 2601 351 2653 constanter
373 2611 460 2650 usum
476 2611 540 2650 esse
559 2592 654 2649 forma
669 2585 829 2672 ἐπέεσσιν)
839 2586 863 2672 ¹)
888 2599 918 2648 et
933 2587 981 2650 ἐπ’
998 2588 1193 2669 άλλοτρίοισι
1209 2587 1365 2665 λέχεσσιν;
1387 2584 1424 2643 of.
1441 2583 1531 2641 Hom.

182 2699 214 2758 Γ
236 2701 295 2758 391
330 2696 496 2758 δινωτοῖσι
528 2694 680 2775 λέχεσσιν.
716 2695 820 2766 dativi,
854 2697 905 2772 qui
937 2694 1078 2752 desinunt
1104 2693 1136 2750 in
1168 2693 1296 2766 -έεσσιν,
1328 2690 1468 2767 leguntur
1500 2690 1530 2746 in

181 2801 347 2860 hexametri
384 2801 444 2858 fine
481 2799 571 2858 etiam
603 2799 664 2857 XV
693 2801 732 2859 93
764 2807 834 2872 τοῖς
856 2798 1048 2879 Λωριέεσσι,
1087 2796 1184 2855 XXII
1217 2797 1278 2854 143
1314 2794 1530 2874 βαρυνόμενοι

181 2905 337 2967 σακέεσσι.

234 3082 238 3092 .
267 3009 429 3068 Praeterea
444 3006 503 3065 huc
517 3007 668 3084 pertinent
683 3007 774 3065 etiam
788 3005 942 3064 clausulae
952 3005 1046 3063 XVII
1059 3007 1119 3062 118
1132 3005 1232 3085 μυρία
1247 3011 1329 3083 τῆνα
1339 2999 1386 3084 (ut
1397 3003 1527 3060 omittam

181 3091 262 3172 locbs
286 3112 451 3170 carminum
475 3111 570 3169 bucol.
596 3119 625 3168 et
640 3111 722 3171 mim.
747 3110 830 3169 velut
852 3110 901 3166 Il
927 3108 1040 3170 αἰπόλε
1061 3108 1153 3189 τήνα,
1175 3108 1201 3165 V
1221 3109 1269 3180 15,
1296 3111 1373 3180 117;
1397 3107 1460 3164 VII
1476 3108 1526 3177 983

180 3217 257 3275 XIV
280 3219 336 3288 413
369 3214 422 3273 ubi
445 3214 601 3284 dialectos,
636 3234 693 3291 qua
717 3215 886 3292 conscripta
916 3222 985 3271 sunt
1007 3212 1082 3271 haee
1106 3212 1231 3292 edyllia,
1265 3213 1428 3290 plurimum
1450 3209 1527 3268 haud

181 3321 271 3380 dubie
293 3320 325 3376 in
339 3309 496 3396 'eligendis
519 3317 566 3376 his
588 3317 692 3376 formis
716 3315 837 3402 valuit),
861 3318 955 3377 XXV
981 3320 1021 3378 36
1046 3317 1167 3398 δμάων
1188 3316 1262 3377 τινδι
1284 3317 1395 3376 κείνου
1428 3311 1525 3396 (quarn

181 3425 359 3502 scripturam
374 3421 522 3501 praebent
537 3420 624 3481 codd.
638 3442 662 3494 c,
680 3443 718 3496 m,
738 3427 787 3496 18,
805 3443 844 3497 w;
861 3423 942 3482 solus
958 3422 1035 3481 liber
1050 3425 1086 3480 ll
1104 3421 1197 3478 habet
1212 3415 1364 3501 ἐκείνου).
1380 3418 1526 3477 Homerus

181 3528 303 3605 quidem
326 3545 446 3605 semper
467 3527 530 3584 fere
552 3527 583 3584 in
608 3546 712 3586 versus
737 3529 821 3586 exitu
843 3528 956 3586 formas
979 3526 1064 3584 vocis
1088 3523 1222 3600 ἐκεῖνος,
1244 3545 1305 3581 non
1320 3523 1403 3582 vocis
1426 3531 1528 3596 κεῖνος

180 3625 382 3713 οεοτμονὶλῖ).
407 3631 487 3709 apud
509 3630 704 3714 Theocritum
727 3615 839 3709 legitur
862 3628 985 3703 ἐκεῖνος
1007 3630 1039 3687 in
1062 3629 1231 3686 hexametri
1253 3629 1326 3687 fine:
1353 3626 1446 3684 XXV
1470 3630 1526 3686 121

180 3743 300 3808 νοῦσος
322 3732 460 3812 ἐκείνου,
483 3735 577 3813 epigr.
600 3735 617 3793 Ι
644 3740 657 3793 1
683 3736 890 3808 κατάπυκνος
911 3732 1029 3796 έκείνα.

267 3837 384 3899 Voces
409 3839 702 3918 monosyllabae,
731 3839 839 3918 quibus
862 3839 1031 3897 hexametri
1055 3837 1136 3918 apud
1159 3838 1355 3896 Theocritum
1377 3837 1524 3907 finiuntur,
1619 3884 1620 3887 ,

180 3945 270 4023 longe
298 3943 475 4022 saepissime
504 3952 574 4004 sunt
603 3945 770 4017 encliticam,
805 3963 882 4022 quae
910 3943 1059 4002 artissime
1082 3941 1119 4000 ad
1147 3962 1238 4001 voces
1262 3941 1475 4000 antecedentes
1496 3961 1525 3998 se

180 4048 345 4129 adplicant:
380 4051 411 4122 a)
434 4047 450 4104 I
477 4049 550 4122 1133
583 4048 633 4106 ΙΙΙ
657 4051 712 4121 28,
736 4047 765 4106 V
789 4050 846 4121 293
881 4047 942 4105 VII
968 4049 1017 4120 13,
1045 4050 1118 4121 119;
1147 4047 1225 4106 VIII
1251 4048 1299 4120 15,
1325 4047 1376 4120 55,
1402 4047 1452 4117 63,
1476 4046 1523 4118 65;

180 4153 211 4210 Χ
235 4156 285 4225 24,
315 4155 367 4225 36,
396 4154 451 4226 44,
484 4152 532 4210 ΧΙ
556 4156 584 4224 9,
614 4154 664 4225 22,
692 4155 742 4224 23,
777 4154 827 4225 68,
853 4154 909 4227 7o;
943 4156 972 4226 b)
994 4152 1029 4210 H
1052 4154 1126 4226 1143
1159 4152 1221 4211 XV
1247 4156 1295 4225 12,
1322 4153 1372 4224 15,
1398 4152 1448 4221 23,
1473 4153 1524 4221 71;
1619 4204 1620 4207 ,

268 4391 288 4460 1)
307 4392 347 4442 cf.
365 4393 406 4442 La
422 4393 515 4443 Roche
532 4393 550 4444 l.
569 4409 591 4442 c.
609 4409 634 4458 p.
653 4393 694 4444 83.
776 4383 778 4388 ⁸

268 4475 287 4544 ²)
307 4479 346 4531 ef.
364 4480 405 4530 La
422 4480 514 4532 Roche
531 4479 595 4532 ibid.
