3300 5059
348 242 471 300 330

826 428 1113 493 ‘Chremes,
1150 434 1430 480 tantumne
1467 429 1537 480 ab
1574 425 1631 477 re
1669 433 1812 477 tuast
1848 424 1925 478 oti
1961 428 2077 490 tibi,

827 514 1009 568 aliena
1043 521 1105 567 ut
1138 532 1292 568 cures
1329 512 1395 567 ea
1430 531 1571 581 qnae
1605 515 1682 564 nil
1720 516 1789 566 ad
1827 520 1878 564 te
1915 514 2149 566 attinent
2163 516 2202 566 Y
2242 515 2290 584 (1
2329 518 2376 581 1,
2416 519 2481 567 23
2519 516 2618 583 sq.)

348 643 553 703 Cicero
603 642 799 701 facete
843 660 985 701 usus
1032 650 1122 701 est
1168 639 1245 701 ad
1286 639 1417 702 Att.
1464 640 1597 700 XII
1630 642 1689 719 6,
1740 642 1806 699 3:
1857 637 2164 700 ‘Chremes
2210 685 2223 699 .
2262 688 2276 703 .
2313 685 2328 699 .
2374 638 2527 718 tibi’,
2573 650 2643 701 ut
2674 641 2854 702 etiam
2896 646 3041 703 ‘ora-

348 746 551 807 torem'
598 745 807 825 legas‘?
852 754 1048 807 macte
1094 747 1343 807 virtute!
1392 790 1408 805 .
1443 743 1531 827 .·.'
1580 754 1784 820 restat,
1831 754 1899 805 ut
1942 753 2065 806 tres
2109 765 2566 807 commemorem
2611 746 2775 809 locos
2806 745 3047 807 Cicero-

350 853 579 927 uianos,
646 852 866 933 quibus
911 853 1161 913 Hauton
1208 852 1621 913 Timorumeni
1684 870 1896 911 versus
1950 852 2212 912 citantur
2256 852 2649 929 celeberrimi,
2717 874 2867 934 quos
2911 875 3046 935 pro-

348 958 689 1019 verbiorum
737 958 915 1019 modo
960 960 1025 1018 in
1070 960 1335 1019 omnium
1379 959 1562 1019 fuisse
1616 978 1721 1018 ore
1775 959 2157 1019 manifestum
2219 967 2330 1035 est,
2398 958 2531 1020 dico
2596 959 2670 1021 de
2717 960 2816 1020 off.
2862 961 2896 1021 I
2946 965 3047 1034 10,

348 1065 429 1123 30
476 1072 535 1124 et
582 1062 658 1124 de
702 1065 863 1144 legg.
910 1064 944 1124 I
994 1066 1095 1139 12,
1143 1066 1247 1146 33,
1296 1063 1400 1125 ubi
1444 1063 1763 1145 respicitur
1805 1062 2146 1124 Chremetis
2191 1062 2372 1123 illud:

835 1183 1009 1235 ‘homo
1047 1196 1193 1238 sum:
1231 1183 1452 1236 humani
1488 1182 1564 1234 m'l
1603 1200 1637 1235 a
1672 1200 1757 1234 me
1795 1181 2028 1235 alienum
2065 1189 2195 1250 puto
2235 1184 2283 1251 (Ι
2323 1187 2368 1249 1,
2406 1183 2515 1251 25),

348 1294 450 1371 qui
497 1312 706 1353 versus
753 1292 1030 1354 Ciceroni
1087 1292 1268 1351 etiam
1314 1291 1391 1352 de
1434 1292 1535 1353 fin.
1583 1292 1685 1353 111
1734 1295 1832 1374 19,
1883 1294 1962 1352 63
2009 1291 2254 1352 videtur
2315 1294 2378 1352 in
2443 1302 2646 1353 mente
2710 1294 2918 1377 fuisse,
2989 1305 3053 1354 et

348 1399 422 1456 de
469 1397 564 1457 off.
614 1398 646 1455 Ι
698 1399 796 1472 10,
846 1400 947 1472 33,
997 1395 1159 1478 quod
1206 1396 1368 1477 apud
1414 1397 1773 1457 Terentium
1816 1396 1911 1456 his
1957 1395 2160 1457 verbis
2209 1397 2554 1487 continetur

842 1538 855 1564 ‘
909 1572 923 1585 .
962 1572 974 1585 .
1011 1535 1096 1585 ius
1133 1549 1398 1585 summum
1434 1532 1597 1601 saepe
1635 1550 1842 1586 summa
1881 1539 1962 1585 est
1996 1532 2218 1586 malitia’
2255 1534 2384 1603 (1111
2421 1540 2470 1601 ὅ,
2508 1535 2615 1603 48),

352 1671 384 1703 :ss
445 1643 650 1703 Tullio
713 1643 1024 1723 paululum
1099 1650 1392 1703 mutatum
1465 1644 1726 1703 refertur
1807 1642 1923 1703 hoc
1997 1643 2202 1704 modo:
2283 1650 2598 1705 ‘summum
2661 1644 2753 1703 ius
2815 1662 3053 1703 summa

352 1749 604 1808 iniuria?
2447 1819 2454 1823 .

556 1853 776 1933 Neque
794 1872 939 1914 vero
971 1852 1021 1911 P
1033 1851 1072 1911 h
1085 1873 1225 1912 orm
1237 1852 1258 1910 i
1272 1872 1305 1912 o
1336 1853 1627 1912 minorem
1646 1853 1996 1932 praebuisse
2013 1852 2252 1913 videtur
2265 1851 2542 1914 Ciceroni
2565 1852 3054 1926 delectationem,

356 1960 577 2039 quippe
624 1960 728 2037 qui
774 1958 1087 2017 ‘bonorum
1132 1965 1416 2031 extortor,
1465 1958 1671 2036 legum
1717 1957 2035 2018 contortor'
2086 1956 2296 2017 eadem
2339 1966 2466 2017 arte
2497 1978 2535 2018 a
2568 1957 2856 2017 Terentio
2890 1966 3059 2017 esset

352 2084 666 2144 expressus
732 2083 854 2143 qua
918 2062 1159 2123 Gnatho
1221 2063 1542 2143 parasitus.
1626 2071 1812 2142 atque
1875 2062 2254 2123 Phormionis
2327 2082 2591 2143 persona
2653 2062 2838 2141 vulgo
2903 2070 3057 2122 nota

356 2169 597 2228 videtur
640 2168 825 2227 fuisse
882 2168 1131 2246 eiusque
1185 2186 1406 2226 nomen
1459 2175 1768 2248 tamquam
1833 2167 2268 2247 appellativum
2332 2169 2553 2229 sactum
2600 2168 2700 2241 (cf.
2750 2188 2835 2227 or.
2882 2165 3054 2227 Phil.

356 2271 419 2331 H
467 2273 526 2352 6,
580 2273 657 2330 15
708 2270 1077 2330 ‘Phormioni
1124 2268 1380 2351 alicui'),
1429 2293 1548 2352 quo
1594 2280 1786 2332 totum
1830 2273 2231 2352 parasitorum
2263 2274 2606 2353 procacium
2639 2290 2830 2351 genus
2863 2271 3059 2348 signi-

352 2379 641 2437 ficaretur.
712 2373 921 2435 Cicero
988 2374 1232 2455 quidem
1293 2395 1400 2454 pro
1459 2373 1634 2437 Caec.
1688 2378 1788 2457 10,
1839 2379 1920 2437 27
1969 2374 2044 2436 de
2099 2376 2160 2437 S.
2209 2375 2423 2437 Clodio
2491 2378 2832 2454 argentario
2895 2374 3060 2435 haec

360 2482 499 2540 lacit
542 2479 756 2540 verba:
806 2478 1199 2559 ‘argentarius
1244 2478 1306 2541 S.
1357 2477 1630 2559 Clodius,
1679 2480 1777 2540 cui
1823 2500 2156 2559 cognomen
2203 2491 2295 2542 est
2337 2482 2643 2563 Phormio,
2689 2500 2803 2541 nec
2845 2481 3054 2540 minus

360 2589 543 2666 niger,
592 2606 705 2646 nec
748 2586 943 2645 minus
992 2584 1314 2659 confidens,
1364 2605 1541 2665 quam
1588 2585 1696 2645 ille
1729 2587 2135 2647 Terentianus
2180 2586 2508 2647 Phormio.’
2554 2606 2752 2667 neque
2798 2584 3060 2645 dubium

356 2700 460 2771 est,
512 2692 659 2772 quin
705 2690 792 2751 ibi
837 2689 1050 2750 Cicero
1098 2689 1443 2750 recordatus
1486 2691 1567 2750 sit
1620 2689 1939 2751 verborum
1987 2689 2183 2752 Getae
2228 2693 2404 2766 servi,
2462 2693 2568 2774 qui
2615 2692 2688 2752 de
2733 2690 3056 2751 Phormio-

352 2798 441 2857 nis
488 2797 738 2857 consilio
786 2796 965 2855 Davo
1014 2815 1302 2856 conservo
1348 2804 1580 2857 narrat:

768 2935 914 3002 ‘quid
951 2931 1085 2985 fiat?
1124 2938 1204 2984 est
1239 2932 1506 3001 parasitus
1545 2934 1764 3001 quidam
1800 2932 2068 2999 Phdrmio,

766 3020 926 3073 homo
963 3020 1259 3075 confidensx
1318 3022 1409 3089 qui
1443 3019 1598 3073 illum
1636 3023 1693 3073 di
1731 3038 1913 3074 omnes
1948 3020 2215 3089 perduint’
2253 3022 2301 3088 (Ι
2337 3026 2386 3085 2,
2425 3024 2490 3072 73
2528 3023 2646 3087 sq.).

352 3171 422 3211 ac
486 3148 913 3209 Phormionem
969 3148 1239 3228 profecto
1304 3156 1613 3230 tamquam
1684 3148 1985 3209 hominem
2052 3147 2451 3208 confidentem
2513 3147 2742 3227 pictum
2809 3165 2942 3205 esse
3017 3168 3057 3204 a

352 3254 643 3315 Terentio
694 3274 770 3314 ex
816 3252 1019 3313 verbis
1082 3252 1205 3313 illis
1274 3254 1489 3335 elucet,
1556 3254 1773 3335 quibus
1837 3275 1903 3316 se
1964 3254 2024 3313 in
2095 3253 2294 3315 omnia
2347 3260 2627 3335 paratum
2673 3270 2802 3313 esse
2850 3250 3057 3312 Getae

352 3359 557 3419 timido
607 3368 668 3419 et
714 3360 895 3419 anxio
942 3358 1278 3420 confirmat:

557 3478 704 3530 ‘cedo
744 3496 957 3534 senem:
995 3480 1103 3531 iam
1143 3480 1409 3533 instructa
1444 3485 1571 3531 sunt
1605 3482 1680 3530 mi
1713 3478 1770 3530 in
1809 3478 1968 3531 corde
2005 3481 2232 3532 consilia
2270 3475 2465 3532 omnia'
2502 3479 2582 3549 (11
2617 3482 2666 3544 2,
2708 3476 2780 3547 7),

352 3589 454 3671 qui
516 3608 725 3648 versus
794 3609 830 3647 a
898 3587 1191 3649 Cicerone
1257 3588 1333 3647 de
1395 3595 1518 3647 nat.
1568 3586 1731 3646 deor.
1789 3586 1889 3648 ΠΙ
1948 3589 2051 3665 29,
2112 3590 2191 3649 73
2258 3586 2512 3647 adicitur
2576 3585 2838 3665 longiori
2900 3605 2934 3645 e
2982 3582 3056 3646 C.

352 3694 529 3753 Statii
577 3692 959 3773 Synephebis
1016 3693 1147 3752 loco
1207 3688 1310 3774 (cf.
1366 3712 1428 3771 p.
1481 3688 1658 3772 316),
1723 3711 1840 3771 quo
1905 3690 2341 3752 demonstretur
2403 3690 2571 3751 dolos
2638 3698 2698 3751 et
2741 3689 3057 3749 machinas

352 3819 481 3859 cum
529 3798 764 3858 ratione
808 3818 984 3877 posse
1030 3797 1289 3859 institui:
1337 3796 1496 3858 unde
1543 3798 1718 3877 sequi
1767 3817 1899 3857 eam
1941 3818 2061 3857 non
2095 3817 2224 3858 esse
2256 3816 2471 3857 munus
2506 3795 2774 3857 deorum.
2823 3794 3056 3856 deinde

352 3907 535 3986 locus,
604 3904 708 3985 qui
766 3902 1059 3982 singulari
1117 3910 1247 3963 arte
1312 3911 1595 3963 tractatus
1660 3923 1929 3963 summae
1996 3911 2085 3963 est
2144 3902 2515 3976 festivitatis,
2575 3898 2853 3961 Ciceroni
2921 3910 3057 3961 erat

356 4011 414 4068 iu
462 4018 660 4069 mente
708 4005 813 4069 Or.
863 4011 966 4089 47,
1017 4012 1160 4083 157,
1209 4010 1341 4071 dico
1390 4031 1669 4071 scaenam
1718 4008 1889 4069 illam
1951 4005 2064 4092 (H,
2116 4005 2204 4094 3),
2270 4010 2335 4069 in
2392 4029 2512 4089 qua
2556 3997 2840 4067 Phormio
2915 4028 3056 4067 cum

356 4114 765 4195 Demiphonte
812 4134 1162 4194 congressus
1207 4115 1568 4181 clamitando
1617 4135 1790 4176 aures
1837 4115 1966 4174 eius
2009 4110 2307 4196 obtundit,
2357 4111 2680 4193 cognatum
2724 4110 2868 4172 huic
2899 4132 3052 4184 esse,

356 4242 429 4281 ux
475 4241 592 4300 quo
639 4221 766 4280 filia
810 4221 887 4280 sit
927 4221 1245 4280 Phanium.
1296 4232 1357 4279 at
1400 4240 1621 4293 nomen
1669 4220 1725 4280 ei
1773 4218 2081 4280 exciderat
2132 4219 2297 4279 illius
2347 4218 2615 4298 cognati3
2664 4218 2871 4298 itaque
2917 4237 3055 4277 cum

360 4326 664 4405 Demipho
711 4326 824 4389 hoc
870 4325 1078 4386 audire
1126 4326 1362 4405 gestiat,
1429 4325 1714 4386 Phormio
1779 4326 1839 4384 in
1895 4326 2141 4385 summis
2197 4324 2405 4385 haeret
2450 4322 2925 4384 difficultatibus.
2978 4343 3053 4383 ex

352 4435 465 4491 hac
511 4432 696 4509 igitur
741 4451 960 4491 scaena
1006 4430 1217 4491 Cicero
1263 4430 1414 4492 duos
1460 4432 1605 4491 citat
1648 4450 1858 4490 versus
1903 4430 1971 4490 11
2018 4435 2075 4513 3,
2127 4433 2207 4492 37
2256 4439 2316 4490 et
2361 4432 2444 4489 43
2493 4448 2718 4509 eosque
2764 4425 3052 4489 videlicet

354 4554 431 4594 ex
475 4536 788 4595 memoria:
839 4556 1098 4616 namque
1141 4555 1252 4619 pro
1301 4534 1435 4595 ‘eho
1482 4537 1564 4609 ui,
1611 4536 1922 4597 sobrinum
1966 4538 2129 4597 tuom
2177 4556 2299 4596 non
2344 4534 2581 4598 noras?
2627 4534 2826 4596 minus
2873 4553 3050 4593 accu-
