3300 5059
161 232 221 290 108

156 423 331 503 pronomine
355 424 385 479 in
410 421 488 481 thesi
507 422 660 501 productis
676 423 812 481 conferas
830 443 941 502 quaeso
956 444 986 502 p.
1005 426 1057 483 80.
1078 425 1183 503 itaque
1197 422 1320 481 minime
1336 423 1506 483 mirandum

157 537 202 588 est
232 528 422 587 Theocritum
454 527 492 585 ad
525 548 611 586 usum
641 527 836 587 Homericum
866 548 900 592 se
933 528 1133 608 adplicantem
1167 537 1272 607 quater
1302 529 1506 607 correptiones

156 636 312 713 longarum
332 634 482 693 vocalium
504 634 554 693 vel
577 632 924 712 diphthongorumante
946 632 1083 693 voculam
1107 630 1143 695 ol
1161 634 1193 692 in
1215 633 1294 692 thesi
1317 632 1505 711 neglexisse3

156 743 193 798 cf.
211 740 300 798 Hom.
321 741 426 801 0349
451 738 552 801 αὐτοῦ
576 738 608 801 oi
624 736 677 821 (Ι),
702 740 729 801 Ζ
753 742 792 799 91
822 738 879 800 καί
899 738 932 801 οἱ
953 738 1037 801 aoid
1060 735 1148 821 (111),
1173 742 1206 802 Γ
1223 740 1284 799 387
1307 738 1329 818 η’
1351 737 1384 802 οἱ
1406 739 1506 800 Λακε·

156 844 287 925 δαίμονι
309 845 343 903 Π
366 852 433 905 cett.
547 866 551 877 ·

241 950 369 1009 Restant
392 956 531 1029 quattuor
553 948 701 1028 exempla,
735 950 765 1006 in
790 948 899 1027 quibus
922 947 1037 1008 hiatum
1057 948 1214 1023 vocabula,
1244 969 1322 1028 quae
1345 969 1464 1029 semper
1487 971 1505 1007 a

156 1053 309 1114 vocalibus
341 1054 457 1112 initium
490 1053 658 1133 capiebant,
692 1061 841 1115 secuntur.
875 1055 907 1112 in
938 1053 986 1112 his
1018 1053 1162 1114 exhibent
1193 1053 1252 1113 duo
1285 1052 1360 1136 (XV
1387 1056 1446 1113 129
1477 1065 1506 1115 et

156 1158 251 1217 XXV
274 1156 349 1242 170)
381 1158 559 1238 particulam
586 1160 658 1239 liin
687 1158 765 1220 thesi
791 1158 976 1239 productam,
1012 1160 1096 1219 cuius
1124 1179 1202 1238 quae
1233 1158 1272 1217 sit
1294 1160 1341 1218 vis
1363 1161 1395 1219 iu
1417 1159 1505 1219 huius

157 1262 237 1322 modi
259 1262 399 1336 hiatibus,
425 1262 462 1322 ab
484 1262 618 1323 Hartelio
643 1266 810 1344 expositum
833 1261 915 1347 esu).
947 1264 978 1322 in
1001 1274 1129 1344 utroque
1151 1282 1242 1324 versu
1263 1262 1340 1323 illud
1361 1266 1382 1345 ἤ
1406 1264 1506 1323 conlo-

158 1376 256 1429 catum
273 1377 317 1429 est
332 1370 363 1427 in
378 1368 456 1428 thesi
471 1370 567 1429 tertia.
586 1378 676 1448 atque
692 1367 790 1427 hiatus
806 1367 843 1426 ab
861 1369 941 1427 omui
957 1377 1043 1447 parte
1067 1367 1179 1428 similes
1195 1376 1226 1429 ct
1244 1367 1325 1447 apud
1340 1368 1505 1427 Homerum

156 1475 351 1535 inveniuntur
367 1482 397 1532 et
412 1472 492 1552 apud
501 1474 576 1533 alios
592 1482 696 1553 poetes
712 1474 827 1554 epicos;
844 1474 881 1533 cl.
898 1473 987 1531 Hom.
1006 1475 1037 1533 A
1048 1474 1106 1531 151
1125 1471 1295 1554 ἐλθέμεναι
1310 1472 1330 1553 ἢ
1346 1471 1506 1555 ἀνδράσιν

157 1576 244 1662 (ΙΙΙ),
272 1580 300 1641 Θ
324 1581 385 1640 514
407 1582 444 1665 ἰῷ
467 1581 487 1663 ἢ
510 1580 593 1663 ἔγχει
618 1578 694 1665 (ΙΙΙ)
712 1560 794 1656 cett}
817 1580 892 1639 Hes.
909 1579 1025 1657 Theog.
1043 1583 1061 1639 6
1078 1580 1232 1662 κρήνηςῆ
1254 1581 1401 1660 Ὀλμειοῦ
1418 1577 1504 1662 (ΙΠ),

157 1684 237 1744 Scut.
257 1687 319 1745 407
340 1685 554 1770 ὀρεσσινόμου
570 1686 589 1767 ἢ
604 1685 780 1768 ἀγροτέρης
796 1681 887 1769 (ΠΙ);
900 1684 1041 1765 Apellen.
1062 1687 1174 1763 Argon.
1191 1687 1220 1747 B
1232 1688 1293 1745 698
1312 1684 1464 1765 κεμάδων
1485 1684 1506 1765 ἣ

156 1788 364 1875 ἀγροτεράων
388 1788 464 1873 (ΙΙΙ)
490 1791 539 1849 all.
564 1793 676 1851 maiore
698 1790 824 1850 licentia
847 1812 919 1850 usus
942 1799 988 1851 est
1009 1789 1188 1849 Theocritus
1216 1791 1248 1849 in
1270 1811 1299 1847 v.
1323 1789 1419 1849 XXV
1443 1792 1503 1852 275

155 1894 254 1976 τμητη
292 1894 370 1957 οὐδὲ
401 1898 516 1969 λίθοις.
549 1916 584 1955 ac
616 1895 788 1969 Meineke‘l)
825 1896 917 1955 facile
948 1896 1081 1975 aliquem
1121 1896 1267 1978 suspicari
1304 1914 1392 1974 posse
1430 1893 1505 1954 dicit

155 1998 254 2079 τμητή
279 2001 307 2080 γ’
320 1998 397 2061 οὐδέ
418 1999 581 2078 legendum
602 2020 667 2059 esse
682 2001 861 2080 particulam
877 2001 959 2059 illam
976 2000 1160 2059 notissimam
1183 2000 1214 2062 h.
1237 2000 1258 2058 l.
1283 2020 1343 2058 uon
1366 2000 1504 2059 inutilem

157 2122 221 2161 esse
245 2104 430 2178 existimans;
455 2124 541 2184 posse
565 2112 664 2163 autem
688 2104 775 2163 etiam
798 2104 986 2183 transpositis
1006 2103 1162 2164 vocabulis
1185 2103 1274 2163 scribi
1299 2102 1375 2165 οὐδὲ
1398 2104 1505 2177 λάθοις

156 2208 265 2288 τμητη.
290 2208 342 2266 sed
365 2208 481 2287 ipsein
504 2208 604 2268 verbis
627 2208 743 2268 traditis
766 2208 809 2267 nil
831 2210 959 2268 mutavit
974 2208 1067 2288 idque
1082 2210 1147 2267 iure
1163 2228 1231 2267 eum
1248 2210 1353 2268 fecisse
1369 2208 1504 2267 arbitror.

155 2312 285 2390 primum
296 2313 375 2371 enim
390 2312 611 2393 respiciendum
625 2322 670 2373 est
680 2314 759 2373 hune
768 2313 868 2373 locum
878 2315 976 2374 inesse
986 2315 1018 2372 in
1028 2315 1159 2373 carmine
1170 2314 1255 2392 cpico
1266 2314 1406 2386 omnium,
1424 2332 1506 2395 quae

158 2424 270 2490 extant,
295 2416 476 2496 edylliorum
491 2418 646 2477 Theocriti
667 2420 861 2499 amplissimo,
885 2421 915 2477 in
940 2440 998 2498 quo
1020 2427 1110 2498 poeta
1132 2420 1269 2499 proxime
1283 2417 1322 2476 ad
1335 2417 1506 2477 liberiorem

160 2524 191 2581 in
214 2520 405 2581 admittendis
428 2522 559 2583 hiatibus
581 2544 668 2582 usum
692 2524 818 2583 aliorum
834 2533 990 2604 poetarum
1006 2525 1158 2603 epicorum
1175 2525 1308 2583 necessit.
1332 2522 1409 2583 adde
1425 2523 1505 2602 quod

158 2636 242 2687 extat
269 2628 368 2689 hiatus
396 2629 448 2689 ille
475 2630 506 2689 in
534 2628 611 2687 thesi
635 2630 720 2708 pedis
746 2630 847 2715 primi,
874 2631 904 2688 in
932 2650 992 2709 quo
1020 2628 1220 2708 spondeorum
1248 2648 1335 2687 usum
1360 2628 1506 2688 latissime

155 2741 260 2813 patere
275 2732 576 2813 frequentissimeque
592 2732 698 2793 breves
714 2732 848 2813 syllabas
864 2735 969 2793 finales
984 2733 1111 2815 produci
1126 2754 1216 2813 supra
1232 2733 1370 2794 vidimus.
1389 2732 1506 2792 accedit

156 2840 295 2915 repetitio
311 2838 392 2897 vocis
414 2837 504 2901 οὐδέε
527 2836 596 2900 ἐπεὶ
613 2837 684 2901 οὐκ
699 2836 772 2901 ἔσκε
788 2839 909 2923 σιδήρῳ
927 2834 934 2923 1
953 2838 1052 2921 τμητη
1070 2837 1162 2900 οὐδὲ
1184 2839 1291 2912 λίδοις
1306 2836 1506 2921 πειρωμένω,

158 2941 248 3005 οὐδὲ
271 2941 331 3024 μὲν
353 2942 422 3026 ὕλη.
447 2964 484 3002 ex
500 2944 625 3003 Homeri
641 2942 821 3003 carminibus
838 2945 974 3003 conferas
990 2963 1102 3023 quaeso
1126 2963 1193 3002 cum
1214 2942 1273 3001 boc
1288 2937 1374 3001 hiatu
1396 2964 1416 3003 α
1441 2944 1504 3005 329

156 3047 258 3129 κούρη
287 3048 440 3130 Ἰκαρίοιο
464 3044 516 3131 (Ι),
546 3051 583 3109 H
603 3050 665 3109 734
694 3056 786 3132 σκαιῇ
814 3046 907 3129 ἔγχος
929 3046 1012 3127 ἔχων
1040 3045 1082 3131 (Ι)
1106 3048 1168 3121 all,
1201 3067 1239 3107 ex
1261 3045 1404 3126 Apellen.
1428 3046 1502 3126 Arg.

157 3154 187 3212 A
209 3155 269 3213 251
295 3152 382 3234 δειλὴ
407 3153 579 3234 Ἀλκιμέδη,
604 3174 785 3232 quamquam
808 3153 952 3212 hocloco
976 3153 1112 3212 similiter
1135 3161 1225 3232 atque
1247 3154 1279 3212 in
1301 3172 1391 3212 versu
1413 3152 1502 3212 Hom.

157 3281 178 3319 α
201 3260 263 3318 329
290 3260 380 3317 etiam
402 3278 510 3317 nomen
533 3260 689 3339 proprium
712 3260 743 3317 in
767 3277 888 3317 censum
910 3259 1002 3316 venit.

244 3362 369 3421 Prorsus
393 3360 513 3421 diversa
536 3371 581 3421 est
603 3362 738 3422 condicio
754 3363 863 3438 hiatus,
880 3366 933 3443 qui
947 3372 1049 3423 restat.
1065 3364 1218 3423 invenitur
1232 3365 1259 3423 is
1274 3364 1306 3421 in
1322 3362 1505 3422 carminibus

155 3467 253 3526 bucol.
270 3467 319 3525 IX
336 3469 374 3526 19
392 3467 487 3549 χόρια
510 3468 563 3543 ζεῖ,
586 3466 622 3530 ἐν
636 3468 716 3550 πυρὶ
739 3464 856 3530 δἀὗαι
876 3463 958 3550 (IV).
981 3468 1031 3527 hic
1053 3488 1124 3527 vero
1146 3464 1247 3528 hiatus
1270 3469 1350 3528 solus
1372 3469 1403 3526 in
1426 3466 1504 3526 thesi

157 3581 264 3652 quarta
281 3579 376 3646 extat3
401 3573 479 3630 inter
495 3572 634 3651 exempla
649 3580 749 3631 autem
766 3582 917 3653 quattuor,
932 3572 962 3632 in
980 3573 1088 3653 quibus
1103 3573 1216 3632 hiatum
1231 3593 1321 3633 voces
1337 3574 1503 3653 excipiunt,

157 3696 234 3754 quae
250 3696 368 3758 semper
383 3678 503 3737 vocales
519 3676 672 3738 habebant
688 3678 718 3737 in
733 3679 829 3753 initio,
852 3680 884 3737 in
908 3679 960 3738 illo
975 3678 1060 3738 hiatu
1080 3680 1142 3738 solo
1159 3679 1340 3759 diphthongi
1357 3679 1504 3758 correptio

155 3783 326 3860 neglegitur
349 3784 474 3863 eiusque
497 3784 678 3843 levissimae.
708 3784 766 3843 huc
794 3786 819 3843 si
848 3782 984 3843 addimus
1012 3784 1216 3859 offensionem,
1247 3805 1337 3864 quam
1360 3786 1392 3842 in
1415 3804 1505 3842 versu

156 3889 208 3947 illo
236 3887 386 3970 spondeus
412 3887 499 3969 pedis
527 3889 625 3968 quarti
651 3886 815 3971 praebet³)‚
845 3910 904 3948 non
930 3909 1087 3968 possumus
1113 3909 1174 3948 non
1200 3888 1329 3969 probare
1356 3888 1504 3947 Brunckii

156 3996 366 4069 coniecturam,
396 3996 448 4074 qui
474 3996 629 4055 lenissima
655 3996 862 4055 immutatione
884 3997 966 4054 facta
989 3996 1048 4072 ζέει
1075 4016 1129 4076 pro
1158 3994 1204 4069 ζεῖ
1223 3994 1415 4054 scribendum
1439 4014 1505 4055 esse

154 4102 318 4181 proposuit.
