3300 5059
2893 246 2974 303 25

258 453 395 494 cum
417 415 706 494 similium
726 449 1010 502 versuum
1030 451 1279 491 numero
1320 431 1481 510 apud
1501 430 1919 506 Theocritum,
1940 431 2394 493 concedendum
2428 443 2519 495 est
2536 434 2697 495 hunc
2715 442 2978 513 poetam,

262 573 348 582 —-
378 538 746 618 quamquam
779 537 856 595 ab
900 535 1223 615 Hilbergio
1258 535 1332 596 de
1366 536 1720 609 rationibus,
1756 556 1904 615 quas
1950 538 2014 596 in
2058 538 2241 596 variis
2286 538 2545 617 syllabis
2589 538 2871 597 finalibus
2916 540 2982 598 in

261 642 425 702 thesi
459 640 720 721 spondei
764 640 938 720 pedis
985 641 1232 700 alteiius
1262 640 1627 720 usurpandis
1675 641 1899 719 singuli
1929 649 2148 720 poetae
2194 643 2385 701 secuti
2430 650 2588 716 sunt,
2636 642 2982 720 disputante

264 745 543 827 (Princip
592 746 700 806 der
729 745 1120 829 Silbenwag„
1168 766 1228 824 p.
1265 746 1349 804 97
1389 753 1452 803 et
1486 745 1636 825 129)
1682 746 1747 805 in
1792 745 2146 805 universum
2191 747 2255 805 in
2286 745 2497 806 eodem
2528 767 2751 824 genere
2797 755 2978 826 atque

266 851 577 913 Homerus,
601 858 662 910 et
691 849 820 923 alii,
871 850 974 929 qui
1019 846 1217 914 minus
1250 868 1496 907 severas
1541 848 1657 907 hac
1700 848 1764 906 in
1810 868 1878 907 re
1925 837 2324 913 observarunt
2368 850 2557 926 legeS,
2603 851 2850 928 ponitur
2894 882 2978 896 --

261 962 360 1013 sat
428 961 609 1012 caute
668 955 733 1020 in
799 948 1209 1032 admittendis,
1274 952 1350 1011 de
1414 952 1635 1032 quibus
1680 951 1870 1031 verba
1913 953 2084 1026 fiunt,
2154 952 2426 1012 versibus
2471 962 2777 1013 versatum
2823 974 2974 1016 esse.

261 1066 463 1137 potest
529 1059 692 1116 enim
750 1038 1047 1129 molestia,
1102 1076 1291 1135 *quam
1355 1056 1570 1115 incisio
1635 1064 1774 1135 post
1838 1058 2095 1116 alterum
2134 1057 2491 1136 *spondeum
2544 1065 2735 1136 parat,
2793 1058 2978 1117 variis

259 1161 594 1227 rationibus
657 1160 934 1219 imminui
980 1160 1080 1220 vel
1142 1161 1342 1238 potius
1372 1160 1543 1224 tolli.
1603 1180 1811 1226 omnes
1859 1159 2102 1240 quidem
2145 1181 2377 1234 versuS,
2444 1162 2549 1240 qui
2595 1181 2845 1221 caesura
2888 1182 2978 1221 se-

254 1265 613 1333 miternaria
657 1267 936 1324 instructi
981 1273 1138 1339 sunt,
1185 1265 1274 1322 ita
1318 1263 1582 1343 quidem,
1629 1273 1699 1323 ut
1741 1264 1931 1324 thesis
1978 1264 2237 1345 spondei
2267 1267 2332 1325 in
2364 1265 2507 1324 sede
2538 1266 2729 1324 altera
2758 1265 2978 1325 vocula

252 1369 560 1429 efficiatur
603 1368 1042 1448 monosyllaba,
1093 1388 1250 1447 quae
1296 1389 1431 1427 cnm
1475 1367 1681 1427 verbis
1738 1369 2129 1453 sequentibus
2186 1371 2373 1429 artius
2420 1368 2743 1429 cohaereat
2788 1370 2978 1444 (velut

261 1475 418 1533 VIII
464 1477 546 1532 67
591 1473 699 1536 ταὶ
743 1472 800 1535 δ’
823 1474 973 1550 ὄιες,
1025 1472 1174 1553 μηδ’
1218 1474 1421 1553 ὔμμες
1477 1470 1724 1534 ὀκνεῖθ’
1778 1471 2027 1547 ἁπαλᾶς
2079 1473 2480 1556 κορέσασθαι
2517 1474 2637 1543 ,νεΙ
2680 1474 2806 1533 XV
2853 1476 2974 1534 107

250 1577 642 1661 ἀνθρώπων
666 1574 754 1650 ὡς
771 1580 1008 1658 μῦθος,
1042 1574 1349 1657 ἐποίησας
1367 1576 1769 1659 Βερενίκαν),
1793 1577 2185 1655 excipiendos
2218 1577 2485 1636 essehoc
2505 1577 2636 1637 loco
2658 1578 2733 1637 de
2766 1579 2974 1657 eisque

252 1682 406 1742 solis
453 1683 573 1761 agi,
626 1682 732 1759 qui
776 1699 1026 1739 caesura
1056 1679 1473 1738 semiternaria
1504 1687 1771 1753 careant,
1818 1681 1939 1739 iam
1970 1701 2153 1758 supra
2182 1681 2605 1741 indicavimus.
2654 1682 2762 1741 sed
2795 1684 2974 1741 etiam

254 1806 337 1846 ex
379 1786 560 1845 huius
607 1784 772 1844 modi
815 1784 1186 1846 hexametris
1231 1784 1277 1841 ii
1321 1784 1513 1843 multo
1558 1784 1757 1843 minus
1790 1782 2130 1863 displicent,
2177 1785 2242 1843 in
2275 1784 2494 1864 quibus
2521 1785 2697 1864 pedis
2729 1785 2974 1845 alterius

249 1873 589 1970 spondeus·
616 1888 851 1956 duobus
898 1889 1178 1967 expletur
1207 1884 1603 1970 vocabulis1).
1652 1887 1872 1948 deinde
1913 1889 2163 1951 offensio
2206 1898 2334 1949 tota
2376 1892 2506 1949 fere
2549 1889 2782 1949 tollitur
2810 1910 2974 1950 acce«

259 1995 443 2054 dente
490 1994 774 2053 enclitica
817 1994 881 2052 in
926 1993 1084 2072 pede
1129 1992 1310 2052 tertio
1356 1992 1457 2050 vel
1504 1992 1627 2050 alia
1672 2012 1823 2052 voce
1870 2013 2003 2053 cum
2051 1995 2160 2068 eiS,
2209 2014 2366 2072 quae
2409 1995 2801 2075 praecedunt,
2848 2003 2974 2054 arte

250 2099 562 2178 cojpulata.
633 2117 832 2176 neque
891 2098 1028 2176 ipsa
1083 2096 1407 2155 verborum
1472 2097 1828 2175 compositio
1883 2099 2059 2176 parvi
2104 2075 2227 2156 ⁵hac
2282 2100 2345 2157 in
2400 2119 2468 2158 re
2523 2108 2618 2158 est
2667 2101 2970 2159 momenti.

250 2202 363 2263 ubi
425 2204 588 2269 enim
639 2202 870 2282 primus
925 2202 1261 2260 hexametri
1303 2221 1412 2279 pes
1476 2196 1961 2279 interpunctione
1991 2223 2053 2278 a,
2088 2202 2483 2282 sequentibus
2547 2212 2861 2284 separatur
2917 2211 2974 2261 et

249 2308 436 2387 quasi
499 2307 850 2385 adiungitur
911 2305 990 2364 ad
1046 2325 1285 2365 versum
1349 2304 1831 2384 praecedentem,
1898 2306 2144 2366 alterius
2202 2306 2377 2386 pedis
2424 2308 2728 2386 spondeus
2773 2315 2974 2387 partes

250 2411 524 2491 quodam
586 2411 792 2477 modo.
827 2410 1081 2489 suscipit
1131 2409 1307 2490 pedis
1362 2394 1545 2489 primi
1599 2430 1800 2489 neque
1844 2411 2060 2470 incisio
2124 2409 2299 2471 illum
2360 2411 2735 2491 subsequens
2799 2430 2974 2470 aures

258 2516 424 2585 male
470 2515 696 2574 adficit.
1096 2577 1101 2580 ,
1239 2592 1242 2595 ¹

436 2618 626 2698 Apud
671 2614 1066 2677 Theocritum
1111 2637 1258 2676 vero
1304 2614 1643 2683 hexametri
1666 2617 1818 2676 'eius
1864 2618 2125 2695 generis,
2175 2618 2338 2697 quod
2356 2599 2715 2690 tractamus,
2764 2619 2974 2698 paucis

255 2724 537 2802 exceptis
584 2741 790 2782 omnes
834 2720 1083 2800 habent,
1132 2740 1251 2799 quo
1297 2721 1578 2780 molestia
1623 2729 1728 2780 aut
1780 2722 2172 2781 imminuatur
2227 2733 2332 2781 aut
2393 2724 2665 2784 tollatur.
2712 2744 2785 2783 ac
2826 2744 2974 2783 non*

268 2827 452 2887 nullis
501 2826 748 2906 quidem
780 2824 1054 2884 versibus
1087 2825 1336 2883 offensio
1368 2825 1620 2898 ratione,
1673 2846 1854 2905 quam
1884 2827 2077 2904 primo
2109 2826 2243 2890 loco
2277 2829 2551 2906 exposui,
2598 2837 2974 2900 removetur;

270 2952 473 3006 voces,
507 2929 730 3010 quibus
761 2929 1068 3009 spondeus
1098 2928 1272 3006 pedis
1303 2928 1552 2987 alterius
1585 2929 1861 3002 efficitur,
1895 2929 2056 2988 haud
2076 2951 2210 2992 raro
2242 2931 2457 2990 ambae
2490 2941 2619 2991 arte
2650 2931 2974 2991 cohaerent

266 3057 406 3096 cum
456 3032 869 3113 sequentibus,
926 3051 1384 3110 nonnumquam
1432 3033 1617 3090 etiam
1685 3033 2138 3111 interpungitur
2199 3043 2338 3112 post
2401 3033 2620 3112 pedem
2684 3037 2970 3112 primum:

266 3139 339 3223 a)
386 3139 445 3198 V
479 3125 557 3199 31
593 3137 680 3220 μὴ
713 3137 957 3200 σπεῦδ’·
993 3136 1073 3200 οὐ
1103 3135 1230 3220 γάρ
1261 3157 1385 3216 τοι,
1418 3137 1543 3196 VH
1575 3139 1655 3195 39
1691 3136 1771 3199 οὐ
1816 3141 1982 3198 Λᾶν·
2032 3137 2113 3200 οὐ
2140 3139 2266 3222 γάρ
2296 3156 2400 3200 πω
2434 3138 2561 3218 (qui
2593 3138 2710 3199 duo
2743 3158 2974 3210 versus²

260 3265 402 3305 cum
449 3243 938 3322 interpunctione
983 3250 1119 3320 post
1149 3241 1328 3320 primi
1358 3240 1534 3320 pedis
1573 3241 1909 3320 spondeum
1947 3243 2213 3320 reposita
2260 3242 2528 3316 offensio,
2576 3262 2731 3321 quae
2777 3243 2978 3303 inesse

267 3349 420 3410 solet
452 3347 871 3420 hexametris,
947 3365 1200 3425 quorum
1261 3346 1326 3404 in
1388 3346 1562 3404 initio
1629 3353 1909 3423 quattuor
1960 3347 2063 3406 vel
2126 3347 2395 3427 quinque
2458 3355 2668 3431 extant
2732 3346 2978 3406 voculae

263 3449 811 3533 monosyllabae2),
859 3449 1040 3509 valde
1084 3451 1490 3522 imminuatur,
1538 3445 1794 3508 multum
1840 3449 2123 3517 differunt
2167 3451 2245 3510 ab
2294 3453 2422 3510 eius
2470 3452 2635 3510 modi
2680 3449 2974 3522 versibus.

258 3557 463 3637 qualis
509 3565 602 3616 est
644 3556 827 3616 Hom.
877 3559 946 3617 Σ
969 3558 1091 3614 362
1139 3556 1249 3617 καὶ
1290 3554 1413 3637 μὲν
1457 3554 1537 3636 δή
1567 3557 1699 3618 πού
1728 3577 1826 3630 τις
1866 3556 2078 3637 μέλλει
2121 3557 2358 3640 βροτὸς
2402 3556 2598 3641 ἀνδρὶ
2640 3554 2978 3634 τελέσσαι),

263 3662 363 3721 XI
409 3663 490 3722 59
540 3660 687 3722 dien?
732 3659 854 3723 οὐκ
898 3663 984 3722 ἄν
1024 3680 1127 3721 τοι
1170 3668 1394 3735 ταῦτα,
1441 3659 1676 3719 accedit
1737 3680 1954 3725 versus,
2003 3661 2062 3720 V
2117 3665 2199 3720 44
2247 3660 2404 3723 ἀλλὰ
2466 3661 2592 3745 γὰρ
2656 3659 2797 3743 ἕρφ’
2846 3657 2982 3738 ὧδ’,

260 3762 444 3849 ἕρπε,
498 3745 633 3827 καὶ,
662 3765 904 3826 ὕστατα
964 3757 1375 3847 βουκολιαξῇ,
1417 3765 1482 3823 in
1530 3757 1647 3843 quo
1694 3774 1831 3844 post
1886 3766 2133 3826 alterius
2187 3766 2361 3845 pedis
2415 3766 2751 3845 spondeum
2796 3765 2978 3823 inter-

269 3853 560 3948 pungitur
607 3863 712 3952 (cf.
758 3868 914 3926 XIV
962 3867 1096 3947 51);
1163 3867 1270 3926 sed
1325 3863 1722 3928 nihilominus
1767 3890 1889 3928 vox
1934 3871 2190 3948 repetita
2236 3868 2391 3952 ἕρπε
2446 3879 2575 3929 arte
2628 3890 2763 3928 cum
2810 3889 2978 3947 prae*

269 3972 625 4033 cedentibus
673 3960 994 4032 coniuncta
1050 3957 1158 4044 est,
1200 3990 1375 4048 quae·
1403 3971 1793 4031 cohaerentia
1838 3973 1989 4032 elisa
2033 3974 2237 4040 littera
2279 3974 2450 4032 finali
2494 3974 2659 4033 vocis
2706 3972 2834 4037 ὧδε
2880 3973 2978 4031 ad-

269 4078 544 4152 iuvatur-3
576 4081 629 4144 b)
662 4075 818 4135 XIV
851 4081 888 4136 3
921 4074 1442 4159 πράσσομεςρύχ
1468 4073 1556 4150 ὡς
1598 4078 1832 4160 λῷστα,
1864 4080 1945 4137 65
1980 4078 2275 4158 Αἰσχίνα.
2325 4079 2473 4141 ὥστ’
2521 4082 2585 4142 εἴ
2621 4098 2743 4154 τοι,
2783 4077 2908 4137 XV
2942 4079 2978 4134 2

449 4247 492 4315 ¹)
532 4246 612 4297 Cf.
654 4246 847 4297 Christ.
883 4245 920 4296 l.
961 4262 1004 4296 c.
1044 4262 1094 4310 p.
1134 4247 1250 4308 174,
1287 4217 1411 4297 adn.
1451 4250 1534 4296 34.

446 4331 489 4398 ²)
526 4333 648 4384 Hoc
682 4337 863 4382 tamen
899 4348 1008 4381 non
1027 4331 1221 4394 valere⁴
1243 4332 1308 4382 de
1326 4332 1585 4397 versibus,
1612 4335 1680 4383 in
1716 4335 1912 4400 quibus
1937 4336 2214 4387 vocabulis
2237 4335 2345 4386 illis
2380 4334 2763 4402 monosyllabis
2789 4334 2982 4402 dactyli

267 4419 574 4471 efficiuntur
629 4420 800 4484 (velut
837 4418 969 4469 VIII
1012 4415 1080 4468 85
1118 4413 1178 4467 αἶ
1211 4415 1274 4468 δέ
1309 4434 1362 4468 τι
1396 4419 1492 4486 λῇς
1526 4435 1592 4485 με
1627 4417 1721 4470 καὶ
1756 4417 1927 4472 αὐτὸν
1961 4419 2052 4487 ἅμ’
2089 4417 2414 4472 αἰπολέοντα
2468 4420 2726 4488 διδάξαι),
2778 4440 2875 4490 per
2928 4440 2986 4473 se

269 4508 400 4557 satis
435 4511 601 4572 patet.
