3300 5059
192 457 225 506 ct
247 447 396 527 spondeos
419 446 566 507 adhibuit.
599 449 647 508 his
668 469 741 510 vero
764 450 796 508 in
819 449 959 509 versibus
982 449 1148 510 condendis
1170 459 1279 530 poetae
1302 452 1425 510 omnino
1450 453 1569 511 multo

191 553 290 612 minus
312 551 408 612 libere
431 553 545 612 versari
568 563 709 632 poterant
732 575 820 634 quarn
844 555 876 612 in
899 574 989 614 versu
1012 554 1145 614 heroico.
1181 554 1213 612 in
1235 554 1294 614 hoc
1317 555 1397 613 enim
1420 576 1500 614 cum
1528 558 1566 615 in

192 676 374 736 unaquaque
407 656 480 716 sede
512 657 653 738 dactylus
681 658 815 738 spondeo
844 659 1021 718 commutari
1048 667 1160 738 posset,
1193 659 1232 718 dc
1264 660 1464 739 pentametris
1491 661 1564 720 iam

191 759 262 821 inde
294 759 332 820 ab
365 762 581 840 antiquissimis
612 762 798 842 temporibus
831 782 868 822 ea
899 761 1031 822 obtinuit
1057 763 1120 837 lex,
1151 783 1190 822 ne
1218 763 1251 820 in
1282 763 1409 822 alteram
1442 785 1567 824 versus

191 872 309 942 partem
332 864 543 924 admitteretur
558 867 719 945 spondeus.
744 867 857 926 variari
880 868 973 944 igitur
990 887 1132 926 versuum
1147 876 1404 946 pentametrorum
1426 871 1563 928 numeri

191 969 248 1030 nisi
274 970 307 1028 in
335 969 451 1029 duobus
478 969 628 1049 prioribus
654 970 784 1050 pedibus
812 989 873 1031 non
901 979 1050 1049 poterant.
1088 981 1179 1051 atque
1206 971 1278 1030 inda
1306 992 1396 1031 causa
1423 993 1561 1052 quoque

190 1073 356 1151 repetenda
379 1082 432 1146 est,
457 1094 510 1132 cnr
531 1083 641 1153 poetae
657 1075 785 1154 elegiaci
808 1084 893 1134 tanto
908 1072 1004 1152 magis
1027 1075 1059 1132 in
1075 1084 1263 1152 pentametro
1287 1075 1431 1134 struendo
1457 1097 1559 1155 quam

190 1178 220 1235 in
237 1176 412 1236 hexametro
427 1178 506 1236 inter
520 1198 553 1236 se
569 1179 766 1241 consentiant.
781 1179 961 1239 Theocritus
978 1198 1058 1251 vero,
1074 1177 1155 1257 apud
1171 1198 1271 1257 quem,
1287 1180 1312 1238 si
1328 1183 1558 1258 epigrammata

192 1281 336 1360 excipias,
354 1282 385 1340 in
401 1283 466 1342 solo
483 1303 507 1342 c.
524 1281 622 1344 bucol.
639 1282 737 1356 VIII,
756 1280 810 1363 (cf.
828 1303 879 1341 vv.
898 1280 1041 1362 33-60)
1057 1282 1186 1341 disticha
1200 1283 1352 1362 leguntur,
1369 1285 1557 1363 saepissime

191 1404 259 1444 earn
291 1388 472 1466 pentametri
499 1387 625 1447 formam
654 1386 802 1460 adhibuit,
835 1406 914 1465 quae
942 1387 1032 1445 etiam
1060 1385 1139 1465 apud
1170 1385 1418 1464 Callimachum1)
1455 1396 1557 1466 atque

191 1489 274 1569 apud
302 1500 409 1570 poetas
438 1490 589 1568 elegiacos
616 1500 784 1570 temporum
813 1490 1002 1569 superiorum
1010 1485 1036 1574 ²)
1064 1491 1309 1571 frequentissima
1331 1500 1387 1572 est,
1418 1495 1555 1551 sormam

191 1591 268 1665 dico,
293 1613 370 1672 quae
392 1597 425 1652 in
448 1593 519 1654 sede
541 1595 639 1674 prima
662 1593 787 1653 exhibet
809 1593 975 1674 dactylum,
1001 1596 1032 1652 in
1048 1593 1127 1674 pede
1144 1596 1239 1655 altero
1254 1592 1422 1674 spondeum
1430 1594 1465 1668 ⁸).
1484 1597 1553 1654 eius

193 1697 273 1756 modi
296 1717 401 1757 versus
429 1699 461 1758 in
488 1719 513 1756 c.
540 1699 625 1760 VIII.
651 1708 756 1758 extant
776 1699 849 1771 VII,
874 1700 904 1757 in
929 1700 1024 1778 epigr.
1041 1701 1180 1776 genuinis
1199 1700 1256 1772 IX,
1282 1699 1389 1778 quibus
1412 1698 1551 1758 addendi

190 1812 260 1862 sunt
281 1803 395 1864 XVIII
419 1807 602 1882 pentametri
635 1824 674 1863 ex
706 1805 931 1883 epigrammatis
963 1803 1072 1862 dubiis.
1110 1805 1281 1884 proximum
1314 1804 1413 1862 locum
1440 1811 1551 1861 tenent

191 1908 370 1985 pentametri
403 1908 433 1965 in
465 1909 565 1987 priore
596 1918 682 1987 parte
714 1908 801 1967 binos
833 1908 983 1987 spondeos
1014 1908 1202 1981 exhibentes,
1241 1909 1294 1987 qui
1325 1917 1395 1966 sunt
1428 1917 1547 1987 septem

190 2023 325 2084 numero,
350 2031 474 2090 quorum
490 2013 625 2092 quinque
640 2013 672 2070 in
688 2012 822 2072 distichis
840 2013 983 2072 carminis
998 2012 1088 2072 VIII.
1109 2013 1307 2071 inveniuntur
1330 2009 1396 2095 (vv.
1414 2014 1466 2083 38,
1491 2015 1545 2083 44,

191 2117 243 2187 48,
269 2117 320 2187 52,
345 2111 412 2196 58),
437 2115 496 2175 duo
519 2117 550 2174 in
575 2117 799 2194 epigrammatis
823 2116 853 2198 (I
877 2117 905 2189 2,
930 2114 981 2197 6),
1005 2115 1153 2174 accedunt
1175 2114 1235 2207 duo
1258 2135 1297 2174 ex
1319 2116 1547 2194 epigrammatis

194 2217 305 2277 dubiae
327 2219 451 2296 originis
474 2219 533 2298 (VI
549 2223 569 2278 4
586 2231 617 2280 et
630 2221 709 2280 XVI
725 2219 769 2301 6).
793 2219 874 2279 binis
890 2220 1021 2300 dactylis
1036 2221 1119 2299 prior
1133 2220 1315 2298 pentametri
1331 2239 1401 2297 pars
1417 2217 1546 2277 efficitur

190 2322 236 2381 bis
259 2323 290 2380 in
315 2345 340 2382 c.
359 2323 446 2382 VIII.
465 2322 509 2404 (in
526 2345 577 2386 vv,
603 2328 642 2386 36
668 2335 697 2383 et
721 2328 792 2401 56);
815 2325 897 2383 idem
919 2326 952 2382 fit
975 2328 1089 2383 octiens
1114 2326 1145 2382 in
1168 2324 1263 2403 epigr.
1288 2323 1360 2384 dub.
1378 2322 1435 2397 (IV
1457 2326 1488 2396 4,
1513 2324 1543 2394 6,

189 2429 219 2500 8,
234 2430 288 2501 163
301 2426 330 2485 V
344 2431 376 2502 6;
390 2429 480 2502 V163
498 2430 546 2488 IX
563 2428 661 2512 [VIII]
682 2433 710 2503 2,
721 2431 769 2488 XI
779 2430 823 2509 6).
840 2430 992 2486 rarissima
1007 2437 1054 2486 est
1069 2447 1106 2486 ea
1120 2428 1302 2506 pentametri
1317 2429 1443 2506 specIes,
1461 2429 1543 2485 cuius

189 2551 243 2610 pes
253 2533 366 2612 primus
377 2543 421 2592 est
430 2533 621 2613 spondiacus,
633 2535 709 2592 alter
724 2533 905 2613 dactylicum
918 2533 1023 2611 quales
1035 2552 1138 2590 versus
1154 2533 1185 2590 in
1196 2531 1310 2610 edyllio
1322 2531 1409 2592 VIII.
1420 2551 1541 2610 prorsus

190 2656 247 2696 non
272 2638 472 2714 reperiuntur,
501 2639 532 2697 in
557 2639 652 2718 epigr.
677 2646 782 2697 extant
805 2637 864 2696 duo
894 2637 984 2712 (VIII
1009 2634 1093 2716 [VII]
1119 2639 1137 2695 2
1161 2645 1191 2695 et
1219 2636 1252 2695 X
1275 2639 1322 2711 2);
1352 2636 1448 2714 epigr.
1471 2635 1539 2695 dub.

188 2739 254 2798 eius
278 2739 359 2799 modi
375 2759 480 2800 versus
495 2761 549 2801 sex
564 2742 710 2802 exhibent
733 2740 841 2825 (1112,
858 2741 904 2800 IV
922 2745 971 2813 12,
999 2742 1052 2815 18;
1069 2741 1098 2800 V
1113 2744 1148 2814 43
1173 2740 1235 2799 VH
1250 2737 1350 2820 [XIV]
1374 2743 1404 2813 4,
1420 2739 1480 2798 XV
1496 2735 1539 2822 4).

280 2845 317 2903 In
341 2846 424 2904 exitu
447 2865 552 2906 versus
575 2849 754 2927 pentametri
763 2848 786 2918 ⁴)
801 2848 994 2926 reperiuntur
1009 2846 1184 2924 saepissime
1198 2863 1288 2903 voces
1303 2838 1485 2922 bisyllabae:
1509 2846 1538 2903 in

194 2970 220 3012 c.
234 2949 320 3011 VIII.
337 2950 410 3009 locis
425 2950 463 3024 V,
488 2952 520 3010 in
537 2953 632 3031 epigr.
643 2973 713 3029 gen.
729 2951 762 3010 ll.
778 2951 835 3024 IV,
857 2952 890 3009 in
906 2952 1003 3030 epigr.
1019 2949 1090 3008 dub.
1106 2949 1140 3011 ll.
1155 2948 1229 3008 XII.
1247 2949 1385 3026 proxime
1401 2947 1539 3006 accedunt

192 3056 291 3114 exitus
313 3055 345 3113 in
368 3057 518 3115 vocabula
540 3056 711 3136 trisyllaba,
730 3055 838 3135 quibus
856 3054 1074 3113 concluduntur
1096 3053 1127 3111 in
1152 3073 1178 3111 c.
1195 3051 1282 3112 VIII.
1306 3052 1484 3132 pentametri
1500 3053 1535 3115 V.

191 3159 223 3217 in
239 3161 335 3237 epigr.
352 3179 421 3238 gen.
439 3181 525 3231 unus,
549 3162 580 3219 in
598 3162 692 3238 epigr.
711 3159 781 3219 dub.
798 3160 856 3218 IX.
880 3166 1021 3237 quattuor
1043 3155 1230 3236 syllabarum
1253 3157 1378 3215 vocibus
1400 3157 1537 3216 finiuntur

192 3264 224 3320 in
248 3283 272 3320 c.
292 3263 378 3323 VIII.
399 3265 586 3342 pentametri
603 3263 671 3336 duo,
696 3264 726 3321 in
752 3265 847 3343 epigr.
864 3282 932 3339 gen.
950 3270 1102 3340 quattuor,
1126 3263 1158 3320 in
1181 3262 1276 3340 epigr.
1294 3259 1364 3320 dub.
1388 3280 1451 3319 sex.
1466 3281 1534 3319 non·

188 3386 351 3444 numquam
387 3368 479 3425 etiam
509 3369 540 3425 in
572 3367 722 3426 vocabula
754 3367 889 3446 quinque
912 3366 1099 3445 syllabarum
1123 3385 1236 3438 versus,
1272 3385 1347 3443 quos
1368 3373 1532 3439 tractamus,

189 3479 316 3528 exeunt:
342 3490 366 3528 c.
393 3471 547 3544 vin-38,
573 3474 627 3547 603
651 3472 746 3550 epigr.
771 3471 850 3530 VIH
873 3471 957 3546 (VII)
981 3473 1015 3546 2;
1044 3470 1138 3548 epigr.
1163 3468 1233 3528 dub.
1256 3469 1289 3527 H
1311 3472 1348 3542 43
1376 3469 1426 3527 ΙΠ
1446 3471 1473 3542 4,
1503 3471 1532 3541 63

191 3575 219 3633 V
243 3577 276 3648 2;
301 3574 346 3633 VI
370 3579 399 3650 2,
422 3577 471 3634 IX
495 3573 600 3658 (VIII)
618 3580 648 3635 4.
666 3576 782 3636 duobus
797 3577 873 3636 locis
888 3595 978 3635 voces
994 3595 1047 3634 sex
1063 3573 1247 3653 syllabarum
1263 3575 1295 3632 in
1311 3574 1372 3632 fine
1388 3573 1531 3650 leguntur:
1612 3590 1613 3637 j

190 3680 286 3757 epigr.
309 3679 325 3736 I
349 3682 367 3739 2
400 3668 613 3756 Ἑλικωνὶάσι,
640 3680 673 3738 Χ
696 3684 715 3739 4
739 3679 999 3743 ἐπιλανθάνεται.
1039 3679 1147 3737 vocula
1175 3678 1307 3758 denique
1333 3675 1530 3755 monosyllaba

189 3782 338 3862 reperitur
361 3785 456 3862 epigr.
479 3784 561 3843 XIII
583 3789 603 3842 4
626 3786 725 3847 λώιον
748 3785 794 3858 εἰς
817 3784 888 3858 ἔτος
914 3779 955 3864 ἢν
983 3792 1013 3843 et
1036 3784 1131 3861 epigr.
1155 3781 1226 3844 dub.
1253 3782 1302 3840 XI
1325 3784 1344 3840 4
1368 3780 1532 3860 δαιμονίως
1611 3798 1612 3871 ξ

189 3889 284 3968 φίλος
305 3883 355 3968 ἦν.

279 4025 297 4087 ¹)
317 4024 352 4074 cf
366 4025 466 4077 Benek.
485 4025 503 4074 l.
523 4043 545 4076 c.
564 4042 588 4091 p.
608 4027 632 4076 8.

279 4109 298 4179 ²)
319 4111 358 4162 Cf.
371 4112 517 4176 ,Hultgreni
537 4112 696 4162 ‘Observatt
715 4116 789 4160 metr.
808 4112 836 4160 in
853 4115 923 4176 poet.
942 4109 1016 4174 eleg!
1034 4109 1107 4174 Lips.
1127 4110 1207 4171 18713
1228 4107 1331 4158 Sitaleri
1344 4106 1461 4157 ‘Studien
1477 4123 1528 4156 anm
1610 4128 1611 4185 ,

190 4197 295 4262 Elegik.
314 4199 470 4265 Theognis',
487 4198 740 4250 Tauberbischofsh.
761 4197 838 4262 1885,
855 4213 881 4262 p.
901 4199 933 4247 15
952 4213 991 4262 sq.

277 4286 298 4352 ³)
317 4287 419 4336 Eadem
437 4287 522 4336 forma
533 4287 613 4336 etiam
625 4284 696 4351 apud
710 4285 822 4349 optimos
834 4285 1016 4334 Romanorum
1030 4287 1121 4349 poetas
1133 4282 1347 4347 frequentissima
1360 4287 1411 4345 θεὲ,
1431 4281 1461 4331 cl.
1471 4281 1526 4329 Luc.
1610 4344 1611 4353 ,

188 4371 314 4422 Muelleri
332 4375 383 4424 ‘De
401 4391 429 4424 re
448 4374 531 4424 metr.'
549 4390 574 4439 p.
594 4375 657 4436 1453
677 4371 785 4421 Christii
804 4371 910 4420 ‘Metrilr
929 4370 975 4420 der
994 4370 1124 4421 Griechen
1142 4370 1198 4420 und
1215 4368 1341 4419 Romart’
1360 4386 1385 4434 p.
1405 4370 1459 4418 208.

278 4461 298 4523 ⁴)
317 4461 359 4510 De
371 4461 482 4526 ratione,
495 4475 574 4526 quam
588 4461 616 4510 in
628 4459 751 4509 finiendIs
765 4460 936 4523 pentametris
949 4459 1034 4508 secuti
1046 4461 1107 4507 sunt
1119 4461 1213 4522 poetae
1227 4457 1348 4522 elegiaci,
1362 4457 1395 4506 cf.
1405 4456 1528 4519 Hultgran.
1609 4470 1610 4483 ³

190 4547 208 4596 l.
228 4563 250 4596 c.
268 4564 294 4612 p.
315 4550 355 4598 12.
