3300 5059
125 474 278 558 Thyestes
310 474 399 548 enirn,
442 474 493 555 qui
524 480 649 555 propter
681 471 862 533 adulterium
895 495 913 535 a
942 478 1036 536 fratre
1068 483 1132 535 erat
1164 474 1320 558 expulsus,
1353 474 1474 535 domum
1586 444 1625 563 l.

124 581 264 642 redierat.
298 599 359 662 qua
389 599 422 639 re
447 576 558 639 Atreus
589 599 684 642 novas
717 581 952 661 666616616616
982 602 1014 641 se
1045 581 1169 643 insidias
1200 603 1357 663 novosque
1388 582 1473 643 16166

124 687 225 769 parari
251 685 408 746 consilium
430 684 487 757 init
509 684 623 744 maiore
646 686 750 765 aliquo
772 687 853 747 malo
875 687 958 747 illius
982 688 1065 748 vit-ae
1088 685 1320 769 adgrediendae.
1354 686 1472 747 eodem·
1588 729 1616 745 -,

125 812 185 873 que
215 792 339 871 respicit
361 789 483 851 Oicero·
501 788 539 849 de
572 798 633 849 net.
658 789 740 854 deor.
767 792 817 851 III
841 795 891 866 26,
918 796 968 866 68,
1000 793 1052 853 611
1076 792 1193 855 Cottam
1218 793 1472 853 demonstrantem

124 896 240 957 inducit
261 897 419 969 rationem,
444 915 534 975 quam
557 894 601 953 dii
624 894 798 956 homiuibus
822 898 908 977 quasi
931 919 1077 959 summum
1100 897 1212 959 bonum
1236 897 1384 973 dederint,
1409 920 1473 978 per·

123 996 214 1085 saepe
241 1003 354 1062 iontem
385 1000 449 1059 fieri
481 1020 663 1060 summorum
695 1001 852 1064 malorum.
883 1004 996 1082 itaque,
1030 1024 1097 1064 cum
1129 1023 1167 1064 ex
1200 1002 1333 1064 eiusdem
1365 1013 1474 1085 poetae

124 1107 244 1183 Medea,
269 1116 303 1167 ut
323 1104 452 1181 videtur,
476 1106 658 1166 sceleratum
689 1106 764 1166 illud
788 1107 915 1168 Medeae
937 1110 1096 1169 consilium
1124 1117 1395 1183 commemorasset,
1430 1110 1473 1168 sic

122 1214 237 1296 pergit:
263 1211 346 1294 ‘quid
378 1211 430 1271 ille
462 1212 597 1272 funestas
621 1205 725 1292 epulas
756 1214 842 1272 fratri
874 1233 1060 1295 comparans,
1085 1234 1184 1275 nonne
1216 1223 1319 1273 versat
1350 1213 1410 1272 huc
1443 1221 1473 1272 et

124 1319 198 1379 illuc
220 1318 402 1398 cogitatione
424 1315 593 1377 rationem?
616 1307 769 1378 ι616116..
788 1318 1027 1398 .odmprimam'.
1051 1318 1182 1398 denique
1203 1316 1236 1378 hi
1254 1338 1359 1379 versus
1381 1319 1473 1377 citan-

122 1433 171 1484 tur
208 1424 300 1485 Tusc.
337 1422 406 1482 ΠΗ
444 1424 494 1495 36,
523 1403 594 1480 77.
638 1442 726 1502 porro
773 1443 812 1482 ex
854 1423 960 1482 eodem
998 1421 1084 1483 Atrei
1126 1444 1179 1485 seu
1221 1424 1382 1504 soliloquio
1420 1442 1474 1515 seu

126 1547 273 1602 sermone,
306 1548 395 1609 quem
429 1527 527 1606 iungit
560 1547 628 1587 oum
660 1528 762 1607 aliquo
794 1528 958 1588 satellitum
994 1550 1123 1603 suorum,
1166 1548 1294 1609 quocum
1330 1531 1360 1589 in
1392 1548 1474 1590 scae

127 1655 195 1694 uam
218 1632 340 1715 prodiit,
365 1634 476 1714 sumpti
500 1641 569 1692 sunt
591 1653 697 1693 versus
719 1634 773 1707 illi,
799 1654 874 1713 quos
898 1632 1025 1712 legimus
1049 1633 1086 1693 de
1108 1642 1170 1697 nat.
1188 1633 1269 1698 deor.
1285 1634 1336 1693 111
1354 1634 1404 1707 27,
1422 1634 1472 1693 68.

124 1738 238 1826 ⁴quibus
261 1736 381 1811 Atreus,
413 1745 447 1796 ut
477 1735 579 1798 odium
611 1756 697 1796 suum
729 1738 948 1817 consiliumque
980 1738 1128 1797 nefarium
1158 1748 1289 1810 excuset,
1321 1738 1475 1819 quaesibi

16 1854 20 1858 '
124 1846 217 1905 frater
240 1842 378 1902 intulerit
399 1841 536 1915 iniurias,
561 1843 703 1921 exponit:
728 1844 886 1922 coniugem
911 1863 995 1903 susm
1019 1841 1056 1902 ab
1080 1843 1133 1903 illo
1155 1843 1333 1925 perductam
1355 1861 1421 1902 esee
1443 1843 1475 1903 16

124 1959 261 2029 stuprum
285 1943 334 2030 (ir.
348 1949 389 2009 ,6.
414 1947 456 2022 7),
479 1954 543 2007 166
566 1944 747 2007 ‘stabilimen
770 1949 857 2026 regni
880 1948 935 2021 sui,
971 1967 1083 2027 agnum
1107 1967 1199 2008 aurea
1227 1947 1340 2007 clarum
1371 1946 1473 2021 coma,

125 2054 182 2115 sibi
207 2052 315 2112 abillo
347 2071 412 2111 esse
434 2052 514 2111 furto
546 2049 706 2131 abreptum
739 2046 789 2132 (fr.
826 2054 867 2125 8).
901 2053 1005 2132 itaque
1037 2073 1186 2113 summurn
1217 2053 1402 2135 supplicium
1435 2052 1473 2113 16

127 2159 266 2239 Thyeste
288 2159 380 2217 fratre
402 2156 459 2216 eibi
482 2154 660 2217 sumendum
683 2176 747 2217 esse
769 2165 858 2237 putat
880 2166 910 2217 et
932 2158 1059 2217 fortasse
1082 2158 1190 2221 comite
1213 2178 1276 2232 suo,
1312 2167 1345 2218 ut
1368 2157 1475 2239 populi

124 2272 266 2342 vereatur
294 2282 409 2336 vocem,
440 2261 577 2321 hortante
616 2260 693 2319 illud
725 2247 867 2336 ι6166161,
909 2261 980 2322 166
1023 2262 1172 2323 metuaut’
1209 2259 1259 2347 (fr.
1299 2259 1332 2346 5)
1374 2261 1475 2339 obicit,

127 2368 208 2450 quod
232 2366 337 2428 Cicero
365 2367 487 2447 saepius
510 2373 734 2427 commemorat:
767 2365 806 2426 de
839 2366 928 2431 atil
960 2369 1012 2442 28,
1031 2369 1104 2443 Ἰ871
1140 2372 1212 2428 ‘tum
1246 2387 1368 2429 servare
1399 2366 1475 2429 illud

125 2482 242 2556 poetas,
272 2470 351 2554 quod
374 2471 489 2546 deceat,
518 2470 653 2546 dicimus,
682 2493 750 2550 cum
773 2472 814 2545 id,
848 2471 926 2551 quod
952 2492 1069 2554 quaque
1102 2494 1231 2553 persona
1262 2472 1385 2553 dignum
1419 2480 1474 2547 est,

125 2588 156 2640 61
185 2579 218 2638 111
249 2585 280 2637 61
313 2575 435 2635 dicitur:
468 2585 502 2636 ut
524 2577 549 2636 si
572 2575 691 2637 Aeacus
722 2585 775 2636 aut
797 2575 896 2637 Minos
929 2576 1043 2637 diceret
1074 2576 1208 2638 ‘dderiut
1239 2576 1310 2637 dum
1341 2578 1477 2639 metuant

126 2730 132 2742 .
160 2729 168 2743 .
194 2674 212 2744 ‚⁵
237 2680 411 2742 indecorum
449 2680 611 2756 videretur,
650 2728 658 2744 .
684 2724 723 2742 ..
754 2689 786 2740 at
819 2679 915 2741 Atreo
961 2680 1080 2742 dicente
1128 2682 1252 2761 plausus
1276 2666 1473 2753 'excitantum

125 2799 171 2849 est
204 2788 282 2848 enim
324 2786 416 2865 digna
446 2805 578 2867 persona
608 2785 724 2849 oretio’.
760 2794 852 2867 atque
884 2788 916 2845 iu
953 2807 996 2845 or.
1025 2785 1105 2845 Phil.
1140 2787 1156 2845 Ι
1196 2789 1246 2859 14,
1280 2789 1321 2846 34
1359 2785 1475 2862 Oicero,

125 2915 191 2954 oum
238 2890 404 2951 Antonium
449 2898 578 2964 moueat,
626 2910 664 2951 ue
708 2891 872 2969 gloriosum
916 2898 1004 2972 putet
1050 2892 1144 2950 metui
1179 2912 1197 2950 a
1241 2890 1360 2951 civibus
1404 2891 1476 2968 suis,

126 3006 239 3058 ‘carum
263 3014 328 3055 esse
351 2992 457 3054 civem'
481 2997 580 3076 iuquit
603 2994 691 3055 ‘bene
714 2995 751 3055 de
773 3016 806 3055 re
830 2995 954 3076 publica
975 2996 1093 3069 mereri,
1127 2995 1253 3068 laudari,
1288 2995 1356 3068 coli,
1389 2995 1476 3075 diligi

124 3102 288 3185 gloriosum
311 3107 369 3160 est:
394 3103 488 3161 metui
510 3121 582 3160 vero
606 3110 636 3160 et
667 3102 698 3159 iu
733 3100 801 3162 odio
835 3120 900 3163 esse
932 3099 1126 3176 invidiosum,
1159 3100 1347 3174 detestabile,
1384 3099 1476 3159 imbe-

124 3210 237 3285 cillum,
261 3211 416 3273 caducum.
441 3207 521 3290 quod
545 3207 682 3267 videmus
706 3209 796 3267 etiam
819 3208 850 3265 iu
873 3206 979 3267 fabula
1000 3208 1047 3267 illi
1070 3208 1137 3287 ipsi,
1167 3208 1218 3287 qui
1242 3206 1378 3279 ι6161161,
1402 3204 1473 3264 dum

124 3314 270 3377 mdtuaut'
299 3317 418 3389 dixerit,
453 3314 651 3395 perniciosum
683 3312 784 3375 fuisse.
820 3310 988 3393 eademque
1013 3312 1097 3372 Atrei
1121 3312 1215 3371 verba
1243 3312 1387 3391 leguntur
1419 3331 1473 3391 pro

126 3421 203 3486 Seet.
227 3424 279 3495 48,
305 3424 365 3483 102
377 3417 410 3506 ¹).
434 3439 534 3501 neque
557 3418 655 3479 minue
678 3417 861 3499 quadratio
884 3416 970 3477 Atrei
994 3437 1152 3497 personam
1175 3425 1372 3497 praeceptum
1400 3414 1476 3476 illud

125 3526 262 3608 ‘proinde
284 3528 327 3585 lta
348 3533 458 3608 parent
481 3542 514 3583 se
536 3525 569 3584 iu
592 3526 666 3598 uita,
697 3531 731 3582 ut
754 3523 836 3583 uinci
859 3522 1005 3583 nesciant’
1029 3520 1098 3606 (inc.
1124 3522 1183 3583 inc.
1199 3523 1218 3581 f.
1244 3517 1310 3605 60),
1335 3520 1372 3581 61
1396 3520 1476 3602 quod

126 3631 264 3711 legentes
287 3628 394 3690 Cicero
417 3635 539 3689 revocat
561 3628 652 3687 Tusc.
675 3627 708 3688 V
730 3630 782 3701 18,
808 3628 859 3687 52.
892 3628 1050 3686 notissima
1084 3646 1173 3706 porro
1205 3626 1349 3686 videntur
1380 3626 1473 3685 fuisse

126 3744 253 3816 propter
278 3735 447 3796 sententiae
482 3752 621 3812 magnam
653 3734 813 3792 veritatem
845 3730 939 3791 verbs
972 3731 1035 3807 illa,
1070 3750 1148 3810 quae
1179 3732 1330 3813 Thyestes
1362 3730 1475 3790 dixisse

124 3842 220 3901 fertur
242 3839 281 3899 sd
302 3839 382 3900 filios
404 3859 488 3900 suos:

265 3980 272 3994 .
291 3980 297 3994 .
317 3940 534 4009 ..uigilandum
553 3946 594 3991 est
611 3954 728 4006 semper:
751 3938 850 3991 mdltae
868 3938 985 3989 insidiae
1003 3937 1064 3990 sdnt
1083 3938 1161 3990 bonis
1179 3939 1221 4005 (ir.
1241 3935 1289 4007 θ’).

125 4068 216 4130 quern
239 4068 357 4109 versum
374 4048 479 4108 Cicero
502 4068 556 4128 pro
579 4047 683 4107 Plauc.
701 4049 752 4120 24,
777 4046 817 4106 59
840 4045 887 4105 his
911 4045 1043 4105 cumulat
1064 4044 1225 4107 laudibus:
1250 4049 1339 4124 ‘quae
1354 4043 1475 4123 scripsit

123 4154 687 4234 31661661163661666666616666
718 4150 841 4212 6111166
863 4152 961 4228 regios
993 4170 1112 4230 pueros,
1149 4150 1199 4229 qui
1223 4150 1283 4209 166
1321 4168 1469 4224 nusquam

124 4267 221 4332 erant,
245 4257 298 4318 sed
321 4266 431 4317 61666
454 4267 484 4317 61
506 4265 620 4318 nostros
643 4254 756 4316 liberos
779 4255 818 4314 ad
841 4254 976 4315 laborem
999 4263 1029 4315 et
1050 4253 1170 4315 laudem
1184 4252 1349 4313 excitaret'.
1374 4261 1404 4312 et
1419 4273 1474 4333 pro

126 4413 333 4425 ..α-ι-ι*

232 4502 252 4567 ¹)
271 4500 395 4553 Ceterum
414 4499 617 4551 celeberrimum
636 4500 688 4550 boc
706 4498 805 4550 dictum
824 4499 1030 4566 insequentibus
1056 4499 1137 4549 etiam
1155 4498 1319 4564 temporibus
1338 4512 1393 4547 666
1405 4511 1467 4549 era-

126 4595 225 4641 nuerat
243 4604 275 4641 ex
292 4587 430 4640 bominum
448 4589 589 4655 memoria3
608 4587 641 4638 61.
660 4586 735 4640 8661.
752 4586 812 4638 Tib.
831 4588 874 4651 19,
893 4585 950 4639 Gal.
970 4588 1012 4639 ³0.
1089 4624 1092 4632 .
