3300 5059
364 219 491 279 290

364 409 591 489 crebro,
637 405 964 467 incidenti'.
1014 424 1090 465 ex
1137 426 1211 467 ea
1230 414 1430 466 autem
1449 404 1736 482 oratione,
1771 426 1895 487 qua
1913 406 2151 467 Teucer
2181 402 2470 467 adversus
2494 415 2728 487 patrem
2748 407 2966 469 iratum
2990 426 3054 466 se

367 512 690 573 defendere
721 511 938 585 studet,
971 511 1308 590 complures
1338 512 1729 572 inveniuntur
1759 511 1918 592 apud
1942 506 2293 572 Ciceronem
2324 532 2552 594 versus,
2583 532 2784 592 neque
2815 512 3063 573 dubium

364 627 471 692 est,
521 620 664 699 quin
713 638 788 677 ea
830 612 1071 677 Tullius
1119 616 1504 677 vehementer
1550 617 1625 677 sit
1673 617 2027 682 delectatus.
2086 637 2156 677 ac
2210 618 2471 697 primum
2527 617 2774 698 quidem
2824 617 3063 679 Teucer

364 724 596 783 locutus
670 742 800 783 esse
862 722 1105 783 videtur
1183 722 1258 782 de
1323 722 1608 796 adversis,
1693 742 1848 802 quae
1912 722 2281 784 Graecorum
2363 722 2612 784 ducibus
2689 722 3062 801 obtigissent‚

363 829 673 908 auspiciis:
733 827 1253 907 Agamemnonem
1318 836 1520 888 tamen
1588 847 1776 887 naves
1840 827 1995 889 solvi
2057 829 2320 888 iussisse.
2387 827 2506 889 huc
2567 829 2752 908 igitur
2812 805 3064 908 respicit

368 933 581 994 Cicero
627 933 703 993 de
749 932 875 993 div.
921 933 954 992 I
1003 934 1104 1007 16,
1154 933 1257 993 29.
1317 932 1536 991 deinde
1583 933 1890 993 Teucrum
1956 933 2178 993 dixisse
2242 917 2610 994 verisimile
2661 944 2750 993 est
2795 933 2870 994 de
2930 932 3067 992 hor·

362 1038 526 1097 ribili
579 1039 690 1099 illa
742 1046 1121 1117 tempestate,
1180 1057 1301 1116 qua
1354 1036 1578 1097 Achivi
1631 1038 1816 1098 Troia
1871 1038 2189 1098 redeuntes
2260 1040 2323 1097 in
2377 1039 2529 1098 mari
2586 1037 2783 1099 obruti
2840 1047 3063 1100 essent.

367 1164 545 1223 quam
611 1143 940 1223 procellam
1003 1142 1338 1202 Pacuvium
1412 1162 1645 1203 summa
1725 1163 1859 1203 cum
1934 1151 2061 1203 arte
2125 1142 2470 1223 depinxisse
2528 1147 2866 1224 fragmenta
2929 1145 3068 1222 ipsa

364 1248 713 1309 ostendunt:
760 1246 920 1307 unde
950 1247 1129 1306 facile
1162 1266 1295 1306 eam
1325 1247 1607 1307 inibimus
1637 1249 2001 1308 sententiam
2034 1247 2309 1309 Ciceroni
2341 1250 2440 1309 vel
2472 1248 2733 1309 maxime
2764 1249 3065 1329 placuisse

366 1353 827 1433 descriptionem
869 1352 1035 1411 illam
1086 1351 1359 1412 omnibus
1406 1352 1694 1412 orationis
1741 1351 2064 1412 luminibus
2105 1362 2395 1416 ornatam.
2445 1355 2574 1414 iure
2619 1355 2778 1414 enim
2823 1351 2896 1412 ad
2930 1373 3065 1413 eam

369 1456 602 1518 rettulit
623 1456 900 1517 Ribbeck
931 1458 1047 1516 inc.
1070 1458 1110 1516 f.
1134 1458 1237 1531 45,
1273 1458 1439 1516 cuius
1470 1477 1654 1516 unam
1681 1465 1914 1537 partem
1938 1457 2194 1536 legimus
2219 1458 2292 1517 de
2313 1458 2434 1517 div.
2468 1459 2502 1517 1
2530 1462 2624 1540 14,
2650 1461 2750 1523 24.
2785 1479 2900 1538 quo
2930 1458 3068 1520 loco

364 1563 802 1623 demonstratur
856 1582 894 1621 a
941 1560 1232 1621 Cicerone
1278 1580 1483 1621 omnes
1526 1562 1657 1621 fere
1702 1571 1859 1622 artes
1906 1562 2179 1622 homines
2223 1562 2440 1623 fallere
2484 1583 2685 1644 posse,
2734 1584 2934 1643 neque
2979 1574 3069 1623 ta-

363 1688 499 1727 men
545 1666 681 1727 ideo
729 1666 846 1727 dici
890 1687 1068 1747 posse
1114 1687 1217 1726 eas
1261 1676 1417 1727 artes
1460 1686 1591 1727 esse
1622 1667 1836 1729 nullas,
1871 1666 2038 1748 ‘quid
2058 1667 2112 1727 ’θ’
2147 1667 2348 1748 inquit
2379 1667 2830 1747 ‘gubernatores
2862 1690 3065 1729 nonne

363 1772 696 1833 falluntur?
762 1792 836 1831 an
884 1772 1251 1832 Achivorum
1314 1772 1609 1832 exercitus
1667 1782 1728 1832 et
1779 1781 1871 1832 tot
1915 1773 2158 1832 navium
2209 1783 2470 1835 rectores
2515 1794 2635 1833 non
2680 1775 2766 1834 ita
2810 1776 3066 1854 profecti

368 1888 505 1938 sunt
551 1879 624 1939 ab
682 1878 821 1953 Ilio,
885 1885 955 1937 ut
1015 1877 1408 1958 ‘profectione
1471 1877 1616 1937 laeti
1676 1878 1932 1959 piscium
1995 1878 2304 1938 lasciviam
2368 1875 2784 1954 intuerentur'‚
2851 1888 2918 1939 ut
2981 1882 3067 1939 ait

367 1985 688 2059 Pacuvius,
740 1989 873 2043 ‘nec
915 1982 1127 2043 tuendi
1172 1984 1416 2043 satietas
1464 2002 1683 2065 capere
1727 1983 1980 2062 posset?

780 2100 990 2155 interea
1024 2119 1192 2172 prope
1228 2105 1335 2153 iam
1375 2102 1655 2155 occidente
1693 2102 1806 2154 sole
1840 2102 2159 2156 inhorrescit
2196 2120 2365 2168 mare‚.

778 2188 1035 2242 tenebrae
1073 2186 1533 2255 conduplicantur,
1570 2192 1852 2256 noctisque
1888 2188 1943 2242 st
1979 2191 2216 2242 nimbum
2255 2188 2515 2242 obcaecat
2549 2192 2763 2258 nigror'.

363 2321 505 2361 num
550 2298 732 2378 igitur
784 2306 874 2357 tot
942 2297 1403 2357 clarissimorum
1451 2298 1668 2358 ducum
1733 2319 2065 2379 regumque
2128 2300 2510 2378 naufragium
2569 2299 2809 2360 sustulit
2871 2308 3064 2359 artem

363 2402 738 2485 gubernandi
757 2402 805 2461 ‘?'
871 2403 1059 2461 altera
1122 2410 1322 2462 autem
1384 2402 1560 2463 huius
1621 2404 1741 2462 loci
1833 2425 1975 2485 pars
2039 2406 2254 2464 citatur
2322 2405 2396 2464 de
2459 2426 2542 2465 or.
2599 2404 2712 2465 ΠΙ»
2766 2406 2870 2479 39,
2942 2406 3066 2465 157

364 2511 598 2589 magnis
644 2529 776 2569 cum
822 2501 1124 2568 laudibus
1153 2508 1532 2569 elocutionis:
1584 2508 1709 2569 ‘sed
1749 2530 1818 2569 ea
1865 2511 2174 2569 transferri
2222 2520 2475 2590 oportet,
2527 2530 2684 2590 quae
2731 2559 2745 2574 .
2781 2559 2795 2574 .
2833 2558 2846 2571 .
2897 2510 3071 2570 clari-

364 2635 525 2676 orem
570 2616 799 2675 faciunt
845 2634 989 2687 rem,
1037 2621 1104 2672 ut
1147 2613 1257 2672 illa
1301 2614 1501 2673 omnia
1549 2612 1928 2674 ‘inhorrescit
1977 2660 1992 2676 .
2043 2662 2056 2675 .
2106 2616 2310 2693 nigror

778 2749 993 2811 fizimma
1029 2754 1168 2803 inter
1203 2750 1377 2804 nubds
1414 2758 1675 2817 coruscat,
1714 2751 1927 2804 caelum
1963 2755 2170 2804 tonitru
2205 2752 2505 2815 contremit,

779 2838 982 2907 grando
1021 2842 1189 2891 mixta
1225 2838 1383 2890 imbri
1420 2840 1660 2908 largifico
1698 2838 1874 2892 subita
1910 2838 2271 2907 praecipitans
2309 2840 2469 2904 cadit,

782 2926 1017 2995 undique
1054 2944 1239 2979 omnes
1276 2926 1425 2978 uenti
1465 2933 1768 2993 erumpunt,
1804 2925 1956 2979 saeui
1994 2930 2230 2979 existunt
2267 2926 2524 2989 turbines,

783 3014 946 3066 feruit
983 3020 1137 3066 aestu
1174 3013 1416 3081 pelagus.

372 3124 572 3184 omnia
616 3125 761 3197 fere,
812 3143 929 3203 quo
995 3120 1195 3182 essent
1257 3122 1528 3197 clariora,
1595 3123 1904 3183 translatis
1968 3143 2079 3203 per
2125 3120 2575 3183 similitudinem
2643 3119 2842 3181 verbis
2913 3122 3077 3181 dicta

378 3230 555 3292 sunt.'
604 3240 788 3309 atque
834 3249 913 3288 ex
958 3226 1168 3288 eadem
1221 3229 1492 3289 oratione
1568 3228 1810 3289 videtur
1877 3237 2149 3309 sumptus
2212 3248 2342 3289 esse
2417 3248 2622 3288 versus
2687 3228 2812 3301 ille,
2893 3249 3077 3307 quem

372 3332 616 3394 Caelius
663 3335 726 3393 in
774 3333 1038 3414 epistula
1079 3332 1157 3392 ad
1204 3330 1555 3394 Ciceronem
1604 3334 1745 3393 data
1792 3331 1896 3413 (ad
1943 3336 2066 3393 fam
2133 3333 2296 3393 VIII
2347 3336 2404 3407 2,
2457 3336 2518 3409 1)
2567 3334 2759 3392 facete
2823 3332 3075 3393 adhibet

369 3435 470 3523 (fr.
508 3437 636 3522 15).
684 3447 1001 3518 praeterea
1047 3437 1190 3497 huic
1240 3436 1484 3497 fabulae
1529 3438 1742 3498 tribuit
1772 3438 2050 3498 Ribbeck
2099 3438 2216 3497 inc.
2253 3439 2297 3500 f.
2349 3441 2432 3498 50
2479 3447 2539 3497 et
2583 3438 2701 3499 inc.
2735 3437 2851 3497 inc.
2887 3439 2929 3496 f.
2968 3442 3073 3513 96,

368 3564 523 3624 quae
569 3543 858 3623 leguntur
903 3542 1072 3625 apud·
1113 3541 1462 3603 Ciceronem
1509 3541 1585 3602 de
1632 3542 1755 3608 div.
1788 3547 1818 3601 1
1865 3545 1964 3618 36,
2016 3545 2119 3617 80,
2169 3541 2243 3601 de
2288 3544 2412 3601 inv.
2446 3543 2479 3600 I
2510 3542 2611 3615 45,
2647 3545 2750 3616 83,
2799 3542 3069 3623 denique

368 3649 566 3708 locum
614 3648 786 3707 illum
834 3668 1212 3709 communem
1257 3648 1373 3707 inc.
1422 3648 1540 3709 inc.
1588 3648 1631 3706 f.
1681 3650 1796 3707 49:
1987 3629 1995 3634 ⁴

1097 3806 1111 3822 .
1150 3806 1163 3820 .
1201 3805 1215 3819 .
1253 3804 1267 3819 .
1303 3765 1480 3834 patria
1516 3773 1615 3831 est,
1650 3768 1980 3833 ubicumque
2019 3764 2101 3817 est
2137 3768 2296 3833 bene,

370 3896 525 3957 quae
570 3877 759 3937 verba
805 3876 1110 3935 Teucrum
1156 3873 1357 3956 patria
1411 3874 1831 3950 decedentem,
1898 3884 1963 3935 ut
2021 3876 2212 3935 socios
2279 3874 2706 3948 cohortaretur,
2767 3873 2996 3934 dixisse
3045 3895 3076 3933 e

366 3983 548 4046 Tusc.
598 3982 654 4042 V
702 3984 805 4063 37,
853 3983 976 4040 108
1024 3979 1280 4062 adparet
1327 3976 1430 4065 (cf.
1480 3980 1629 4055 Hor.
1682 3958 1750 4040 CJ
1795 3983 1826 4038 I
1872 3980 1931 4055 7,
1982 3982 2060 4039 21
2111 3975 2293 4063 sqq.).
2354 3977 2565 4039 Cicero
2614 3980 2776 4038 enim
2824 3978 3076 4039 demon·

366 4095 658 4147 straturus
704 4107 781 4146 ne
828 4086 1080 4145 exilium
1126 4084 1371 4165 quidem
1420 4106 1457 4145 a
1503 4087 1776 4165 sapiente
1820 4084 2042 4144 malum
2097 4083 2307 4143 haberi
2353 4084 2576 4144 Teucri
2633 4083 2741 4143 illo
2802 4084 3070 4144 adscito:

369 4189 617 4272 ‘itaque'
665 4191 865 4271 inquit
912 4190 1010 4250 ‘ad
1037 4210 1274 4251 omnem
1306 4175 1875 4251 rationem⁴Teucri
1920 4211 2042 4249 vox
2087 4188 2531 4249 accommodari
2590 4198 2792 4268 potest
2840 4237 2856 4254 .
2908 4238 2922 4253 .
2975 4235 2990 4248 .
3025 4169 3076 4248 ’.’

348 4282 356 4288 ’
581 4282 805 4375 Magna
848 4316 1027 4377 porro
1060 4295 1460 4357 delectatione
1494 4294 1823 4375 Chryses
1868 4294 2078 4355 fabula
2121 4304 2462 4375 spectantes
2496 4293 2738 4355 videtur
2779 4293 3073 4355 adfecisse

370 4397 575 4484 (Ribb.
607 4403 796 4480 Trag.
837 4401 1008 4461 Rom.
1064 4402 1136 4460 fr.
1177 4422 1238 4480 p.
1280 4402 1361 4460 86
1406 4420 1558 4480 sqq„
1614 4401 1823 4462 Roem.
1865 4400 2052 4480 Trag.
2101 4421 2162 4480 p.
2215 4402 2339 4459 248
2388 4397 2575 4482 sqq.),
2635 4400 2864 4481 quippe
2917 4420 3073 4480 quae

370 4524 619 4565 scaenas
649 4503 924 4581 haberet,
948 4499 1113 4585 ¹quae
1149 4526 1371 4584 magna
1402 4514 1563 4566 certe
1595 4505 1978 4566 excellebant
2007 4504 2478 4586 pulchritudine.
2499 4503 2573 4563 de
2597 4502 2794 4563 Laelii
2828 4489 3071 4584 quidem
