3300 5059
1412 233 1554 315 ers

20 488 24 537 p
125 450 328 511 nanciscimur
359 451 390 534 in
420 450 475 526 cis,
509 470 587 531 quae
609 450 815 529 Hieronymus
838 446 1000 508 memoriae
1022 447 1156 529 prodidit
1177 447 1216 508 ad
1239 434 1365 527 aAbr.
1390 448 1473 508 1923

21 553 22 566 ¹
125 583 168 609 ==
191 554 322 638 ttosst,
347 556 385 617 de
407 557 448 616 Μ.
470 555 574 632 Tullio
598 555 744 615 Cicerone
767 562 923 635 tamquam
947 552 1141 631 emendatore
1170 555 1269 635 operis
1292 573 1310 614 a
1332 553 1474 613 Lucretio

125 661 224 722 relicti
247 661 441 743 cogitandum
465 680 541 722 esse.
565 682 656 742 quam
683 662 864 722 seutentiam
894 662 1077 741 quamquam
1100 660 1308 741 improbarunt
1329 656 1477 739 Forbiger

127 775 158 827 st
180 766 318 843 Gneisse,
342 766 417 827 mibi
438 774 541 828 tamen
563 766 667 848 Bergk
688 766 790 848 potius
811 765 986 847 sequendus
1012 785 1078 827 esse
1099 765 1227 841 videtur,
1251 774 1285 825 ut
1306 766 1368 825 alia
1389 766 1475 833 omit-

126 881 199 946 tam,
231 874 305 933 iam·
324 881 487 953 propterea
515 872 606 953 quod·
622 892 661 933 ex
695 873 771 947 loco,
806 874 896 952 quem
930 892 1020 953 supra
1053 872 1294 952 commemoravi,
1327 870 1477 950 colligitur
1525 893 1527 899 ’
1624 910 1625 951 3

127 978 264 1039 Tullium
289 979 328 1039 ad
351 978 503 1060 *Quintum
534 978 652 1040 misisse
683 965 803 1038 carmen
819 974 822 977 ’
837 977 1029 1037 emendatum
1060 976 1089 1038 et
1111 976 1327 1057 Hieronymus,
1360 978 1385 1036 si
1416 996 1476 1035 non

125 1084 267 1147 Tullium
295 1086 464 1198 significare
496 1083 669 1161 voluisset,
683 1082 738 1144 sed
769 1082 926 1157 Quintum,
960 1083 1024 1143 sine
1049 1062 1148 1145 dubio
1191 1081 1351 1165 adiecisset
1387 1075 1512 1175 buius·
1556 1136 1557 1145 ,
1588 1148 1600 1173 4

125 1176 319 1271 praenomen.
365 1199 497 1251 ceterum
528 1211 567 1251 ex
599 1210 636 1251 eo
671 1189 752 1271 qu'od
774 1182 880 1276 (licere
910 1189 1015 1249 scribit
1046 1190 1067 1249 Ι;
1091 1209 1116 1252 ο.
1147 1188 1214 1250 ‘ssd
1242 1208 1308 1248 cum
1342 1184 1379 1247 ad
1412 1206 1475 1247 um·

117 1296 249 1362 'bilicum
272 1297 417 1383 venemo,
437 1295 533 1355 virum
556 1304 587 1355 te
609 1292 732 1382 putabo'
756 1271 954 1381 intellegitur
972 1312 1097 1389 magnas
1130 1292 1323 1354 difficultates
1355 1312 1477 1374 parasse
1523 1309 1525 1315 ’

127 1402 231 1465 Tullio
255 1420 325 1460 eum
346 1399 492 1460 laborem.
525 1401 594 1460 cui
605 1420 671 1459 cum
703 1400 821 1480 impar
835 1407 913 1460 essct
945 1406 976 1459 et
1007 1409 1138 1466 naturae
1161 1418 1232 1460 suae
1255 1398 1424 1461 mobilitate
1447 1408 1503 1460 et.

82 1528 86 1532 ’
119 1490 182 1585 μοιίἱ
206 1505 320 1590 inopia,
344 1485 442 1566 officio
474 1526 527 1565 suo
559 1490 642 1565 baud
676 1505 837 1586 diligenter
867 1506 988 1565 functus
1016 1513 1070 1566 cst
1104 1488 1223 1565 unde
1214 1523 1274 1564 ram
1304 1526 1363 1586 quo
1386 1506 1476 1567 modo

127 1612 247 1697 factum
262 1611 302 1671 sit
324 1619 356 1670 ut
378 1611 501 1692 spepius
535 1609 712 1686 schedarum
731 1610 963 1691 singularum
954 1628 986 1670 m
1008 1610 1144 1707 Lucretii
1177 1595 1315 1671 carmine
1340 1612 1476 1673 turbatus

127 1717 168 1796 sit
190 1692 263 1780 ordo
285 1718 437 1779 neminem
460 1726 534 1799 puto
550 1718 644 1797 fugit.

196 1876 200 1881 .
229 1822 295 1883 Iam
318 1824 466 1905 sequitur,
490 1832 523 1883 ut
547 1808 670 1903 agamus
691 1822 729 1900 de
744 1822 850 1883 ceteris
865 1824 964 1904 poetis
980 1810 1167 1901 aequalibus,
1189 1823 1245 1901 vqui
1260 1820 1395 1898 carmina
1410 1842 1477 1899 cum

126 1906 231 2009 spica
251 1923 443 2007 scripserunt,
466 1909 532 1988 tum
551 1928 685 2009 lyrica,
709 1948 835 2009 quorum
848 1928 1003 2009 principes
1024 1935 1093 1988 sunt
1113 1925 1147 1989 0.
1163 1926 1294 1987 Helvius
1310 1924 1417 2007 (liuns,
1442 1926 1476 1991 0.

104 2033 260 2095 ‚Licinius
275 2031 607 2115 Calvus,2.O.Valcrius
623 2033 770 2095 Catullus.
794 2033 847 2115 sed
871 2034 1044 2114 priusquam
1067 2031 1105 2091 ad
1128 2032 1183 2092 bos
1195 2033 1348 2107 accedam,
1373 2034 1477 2114 paucis

127 2136 202 2199 mibi
222 2138 315 2198 liceat
336 2159 458 2201 monere
481 2140 519 2201 de
534 2121 572 2215 Q
589 2139 738 2203 Lutatio
761 2137 902 2212 (laculo,
927 2158 1006 2201 cons.
1032 2160 1059 2200 a.
1078 2134 1229 2222 ecastor,
1253 2140 1306 2221 qui
1329 2146 1359 2199 et
1381 2139 1478 2200 clarus

125 2243 418 2327 habebaturorator
439 2243 491 2328 (cf.
507 2247 592 2307 Brut.
613 2247 664 2321 35,
690 2247 766 2321 1323
790 2245 829 2305 de
852 2265 894 2305 or.
910 2244 1004 2319 1118,
1028 2245 1084 2319 293
1108 2243 1146 2305 dc
1169 2243 1318 2318 offilet,
1336 2239 1423 2328 133),
1449 2254 1478 2305 et

127 2352 255 2431 scriptor
285 2350 444 2413 historicus
475 2350 585 2424 librum
617 2349 654 2413 ds
681 2352 838 2413 consulatu
866 2359 896 2412 et
924 2351 961 2411 de
989 2350 1078 2411 rebus
1100 2350 1192 2429 gestis
1213 2351 1277 2409 ‘suis
1301 2345 1398 2433 (Brut.
1425 2342 1476 2425 35,

20 2460 22 2464 ‘
105 2449 206 2544 Ι132)
238 2456 415 2536 conscripsit
441 2458 576 2538 itemque
599 2456 790 2519 ‘Communes
812 2453 975 2518 historias’.
1007 2454 1060 2517 sed
1092 2456 1183 2543 etlam
1212 2457 1350 2538 poeticen
1379 2456 1479 2536 attigit

129 2570 159 2621 et
187 2552 405 2643 epigrammata
432 2563 603 2643 composuit
634 2572 679 2651 ut*
698 2563 820 2650 uidetur
854 2562 1010 2623 amatoria.
1043 2562 1192 2641 equibus
1225 2562 1347 2643 aliquot
1372 2582 1478 2623 versus

97 2757 100 2760 ι
126 2667 258 2726 citantur
280 2664 361 2745 apud
385 2664 466 2726 Gell.
490 2668 621 2727 XVHII
644 2672 673 2741 9,
692 2670 745 2727 -142
755 2668 876 2747 magnis
895 2688 962 2727 cum
985 2665 1243 2755 laudibus.(letuli
1266 2666 1299 2750 (‘.·
1316 2713 1349 2731 ..
1373 2672 1478 2729 versus

127 2771 236 2831 cecinit
259 2814 318 2833 ...
343 2769 380 2844 Q.
406 2769 516 2845 Catuli,
540 2770 649 2851 quibus
671 2772 821 2847 mundius,
846 2773 1013 2847 venustius,
1035 2773 1312 2853 limatius,'tersius
1327 2773 1478 2843 ¹Graecum
1585 2742 1629 2812 [¹

125 2876 309 2935 Latinumve
332 2875 408 2935 nibil
432 2876 592 2957 quicquam
614 2877 743 2958 reperiri
767 2875 887 2962 puto').·
902 2887 993 2959 atque
1015 2878 1092 2939 baec
1105 2868 1216 2939 ''Getuli
1232 2871 1366 2941 carmina
1388 2873 1478 2969 etiam
1579 2922 1598 2926 „
1625 2922 1626 2925 =

129 2979 268 3042 Ciceroni
291 2979 443 3041 videntur.
454 2981 612 3062 placuisse.
640 2981 740 3044 adfert
767 2981 859 3053 enim-
881 2982 918 3044 de
946 2993 1008 3044 nat.
1033 2982 1116 3071 deor.
1129 2984 1163 3044 '1'
1178 2986 1230 3063 28,
1255 2988 1295 3051 79
1319 2985 1372 3048 bos
1394 2985 1478 3048 illius

127 3087 161 3146 in
183 3085 326 3148 Roscium
347 3084 523 3147 comoedum
544 3106 663 3149 versus:

403 3214 596 3302 '‘monitoram
615 3228 778 3293 exorientem
795 3207 929 3279 durorum
947 3224 1016 3279 forte
1035 3226 1166 3295 salutans,

447 3331 509 3367 cum
526 3316 652 3369 subitos
670 3315 749 3367 laeva
767 3316 882 3367 Roscius
901 3316 1028 3367 exoritur.
1111 3304 1113 3309 ¹

278 3444 282 3451 .
326 3465 329 3470 ⁴
415 3418 483 3470 pace
501 3403 566 3459 mihi
584 3404 675 3470 liceat,
692 3403 833 3466 molestes,
853 3403 943 3455 dicere
961 3406 1065 3478 vestra,

429 3491 564 3542 mortalis
583 3493 669 3577 visust
686 3491 826 3560 pulchrior
844 3498 903 3542 esse
922 3489 989 3543 deo!
1046 3503 1049 3509 ¹

129 3614 161 3673 in
183 3614 360 3674 universum
383 3622 483 3674 autem
506 3612 567 3674 dici
589 3622 689 3695 potest
711 3582 847 3677 Tullium
872 3616 936 3676 eius
959 3613 1040 3676 modi
1065 3615 1255 3692 carminibus,
1280 3580 1357 3703 quae
1378 3616 1479 3679 dieun-

127 3725 176 3776 tur
198 3717 305 3798 lyrica,
329 3716 412 3778 haud
433 3734 543 3799 magno
567 3739 658 3800 opere
681 3718 866 3781 delectatum
889 3739 964 3802 esse,
988 3740 1080 3800 quam
1110 3740 1175 3781 rem
1204 3731 1233 3783 ct
1260 3723 1326 3803 ipse
1349 3722 1480 3803 quodam

127 3821 215 3882 modo
239 3823 396 3884 confitetur
429 3823 509 3905 apud
538 3824 645 3885 Senec.
675 3845 723 3906 ep.
747 3826 800 3906 49,
824 3826 858 3885 5:
892 3832 993 3905 ‘negat
1015 3824 1131 3901 Cicero,
1164 3826 1190 3888 si
1221 3826 1391 3909 duplicetur
1422 3827 1502 3907 sibi·

127 3936 221 4003 aetas,
253 3926 444 4019 babituram*
459 3950 492 3991 se
523 3914 652 4010 tompus,
688 3948 746 4011 quo
769 3930 853 4011 legat
868 3930 996 4009 lyricos'
1029 3938 1058 3989 et
1086 3950 1125 3992 ex
1155 3952 1190 3992 eo
1211 3940 1312 4013 potest
1327 3932 1479 4013 intellegi,

128 4032 210 4111 quod
232 4034 265 4094 in
287 4033 353 4095 eius
376 4021 495 4115 scriptis
527 4036 681 4096 rarissima
707 4024 905 4113 inveniuntur
928 4035 1059 4115 vestigia
1081 4034 1183 4111 studii,
1217 4056 1276 4116 quo
1299 4036 1480 4102 clarissimos
1540 4028 1542 4033 ⁵

127 4136 286 4216 amplexus
308 4140 349 4199 sit
370 4138 556 4201 Graecorum
586 4148 692 4221 poetas
722 4140 845 4221 lyricos,
879 4161 939 4222 qua
970 4138 1007 4203 dc
1034 4161 1067 4201 re
1095 4142 1133 4202 cf
1160 4140 1266 4220 Lange
1292 4165 1323 4223 p.
1348 4146 1388 4206 39
1412 4165 1478 4227 sqq.

128 4240 275 4301 accedit
266 4263 298 4302 ιιι
319 4241 524 4307 Romanorum
548 4246 657 4325 poetis,
682 4245 762 4327 qnod
777 4244 884 4307 (licere
908 4266 926 4306 a
948 4253 1013 4307 tota
1035 4246 1090 4306 illu
1112 4246 1159 4307 sui
1181 4249 1325 4345 temporis
1351 4249 1481 4328 ratione,
1593 4280 1594 4283 ¹

102 4366 217 4426 *quam
226 4349 336 4407 secuti
358 4358 428 4409 sunt
450 4342 560 4430 poetae
581 4350 637 4426 illi,
666 4349 891 4413 Alexandrinos
912 4351 1075 4428 imitantes,
1097 4351 1160 4412 rel
1185 4354 1316 4415 maxime
1339 4354 1478 4417 abhorre·

36 4501 41 4506 .
129 4450 183 4510 bat
204 4449 248 4537 (v.
271 4472 415 4534 suprap.
440 4457 502 4516 243
513 4451 617 4537 s.qq).
642 4475 732 4535 quam
756 4456 793 4517 ob
817 4477 880 4518 rem
902 4457 1024 4538 saepius
1046 4458 1116 4517 illos
1137 4457 1258 4519 irridet:
1281 4458 1319 4519 ad
1335 4458 1399 4522 An.
1410 4459 1480 4521 VH

128 4557 158 4631 2,
184 4560 220 4615 1:
244 4556 449 4621 ‘Brundisium
469 4560 608 4621 venimus
632 4605 639 4620 .
659 4604 692 4622 ..
715 4562 763 4623 usi
787 4570 840 4623 tua
859 4563 1004 4623 felicitate
1027 4562 1207 4643 navigandi:
1231 4565 1275 4625 ita
1290 4556 1378 4626 belle¹
1392 4565 1482 4626 nobis
1538 4572 1540 4575 ’
