3300 5059
2819 227 2944 287 31?

658 410 771 478 ‘pro
810 396 985 477 deum,
1021 408 1358 480 popularium
1396 413 1649 475 omnium,
1687 410 1924 463 omnium
1961 410 2388 464 adulescentium

655 497 829 551 clamo
865 499 1079 567 postulo
1118 497 1340 550 obsecro
1376 515 1470 550 oro
1508 499 1659 564 ploro
1699 505 1861 566 atque
1896 498 2109 567 inploro
2145 498 2332 552 fidem!

661 623 1206 642 ...........
1243 587 1304 637 in
1341 582 1560 638 ciuitate
1595 585 1732 637 fiunt
1768 584 2008 637 facinora
2043 584 2324 653 capitalia:

662 671 829 742 [nam]
870 674 939 726 ab
977 675 1150 725 amico
1187 670 1402 725 amante
1438 678 1719 741 argentum
1752 672 1998 741 accipere
2030 676 2279 726 meretrix
2313 672 2494 727 noenu
2527 675 2643 727 uult
2687 679 2771 743 (fr.
2803 679 2871 743 3}-

244 836 390 897 quos
435 836 644 878 versus
708 818 774 877 in
844 837 1020 877 usum
1066 838 1241 878 suum
1286 815 1496 877 Cicero
1541 818 1738 878 facete
1785 818 2088 878 convertit
2138 817 2218 878 de
2261 826 2385 878 nat.
2435 817 2599 883 deor.
2647 823 2679 879 I
2727 823 2783 899 fl,
2839 823 2944 903 13,

243 930 564 1002 postquam
628 924 691 982 in
756 921 956 983 medio
1018 943 1083 983 se
1145 923 1482 1002 positurum
1543 942 1675 983 esse
1735 922 2232 1004 philosophorum
2287 924 2363 983 de
2423 933 2643 987 natura
2699 927 2944 983 deorum

242 1029 574 1087 sententias
616 1028 912 1108 promisit.
963 1024 1210 1107 ‘itaque'
1256 1027 1455 1108 inquit
1510 1023 1681 1086 ‘mihi
1723 1025 1877 1086 libet
1923 1026 2285 1106 exclamare,
2333 1037 2401 1087 ut
2444 1029 2509 1088 in
2555 1027 2944 1107 Synephebia

244 1129 375 1211 ‘pro
424 1177 438 1193 .
474 1179 489 1194 .
524 1180 538 1195 .
584 1130 813 1193 fideml‘
862 1152 983 1192 non
1027 1132 1343 1192 levissima
1388 1132 1463 1191 de
1508 1151 1593 1211 re,
1641 1138 1710 1191 nt
1739 1132 2010 1211 queritur
2053 1132 2158 1191 ille
2194 1133 2274 1191 ‘in
2307 1133 2559 1193 ciuitate
2611 1179 2623 1191 .
2659 1179 2675 1191 .
2711 1183 2727 1195 .
2775 1135 2944 1207 uult',

246 1235 351 1295 sed
396 1244 465 1296 ut
508 1234 727 1311 adsint,
777 1245 1155 1317 cognoscant,
1208 1236 1713 1318 animadvertant,
1763 1236 1910 1316 quid
1965 1235 2041 1296 de
2086 1236 2382 1315 religione
2428 1281 2447 1297 .
2480 1281 2497 1297 .
2531 1281 2547 1296 .
2595 1239 2944 1299 existiman-

242 1339 383 1400 dum
429 1341 525 1402 sit.
546 1337 594 1423 ¹)
662 1341 926 1423 denique
990 1342 1144 1401 illud
1191 1341 1266 1402 de
1311 1362 1456 1401 sene
1501 1341 1672 1401 ‘serit
1715 1341 1981 1417 arbores,
2029 1361 2186 1422 quae
2232 1342 2406 1403 alteri
2449 1343 2647 1403 saeclo
2695 1347 2944 1423 prdsint’

249 1441 348 1524 (fr.
398 1442 484 1530 2),
534 1446 695 1526 quod
741 1446 1011 1508 eiusdem
1057 1455 1148 1507 est
1192 1446 1458 1523 fabulae,
1530 1445 1764 1507 duobus
1808 1448 2062 1507 recurrit
2105 1447 2280 1509 locis:
2345 1448 2591 1536 desen.
2647 1455 2703 1527 7,
2755 1451 2835 1511 24
2887 1459 2944 1507 et

246 1550 429 1610 Tusc.
477 1550 512 1609 I
560 1554 660 1631 14,
713 1554 813 1613 31.

457 1655 576 1716 Sed
659 1655 951 1716 celebrior
1023 1657 1207 1717 etiam
1267 1657 1452 1717 fuisse
1512 1655 1756 1715 videtur
1819 1654 2459 1735 Hypobolimaeus
2521 1659 2623 1719 vel
2691 1659 2948 1719 Subdi*

241 1761 439 1821 tivus
484 1762 692 1821 fabula
737 1759 944 1844 (Ribb.
980 1760 1146 1823 Com.
1180 1766 1351 1821 Rom.
1408 1763 1479 1825 fr.
1514 1782 1575 1840 Ρ.
1612 1764 1694 1822 47
1743 1780 1899 1841 sqq„
1947 1760 2214 1821 Schluet.
2261 1784 2320 1841 p.
2359 1766 2435 1822 11
2485 1759 2623 1843 ΒΨ),
2659 1743 2731 1823 'id
2783 1763 2944 1843 quud

242 1886 319 1924 ex
365 1863 571 1940 Quint.
604 1867 669 1925 X
715 1871 768 1940 1,
805 1870 887 1926 70
932 1875 993 1926 et
1040 1887 1116 1926 ex
1163 1888 1231 1927 eo
1276 1874 1479 1946 potest
1526 1866 1748 1945 colligi,
1816 1866 1976 1945 quod
2021 1867 2165 1927 eatis
2208 1888 2460 1945 magnus
2508 1889 2791 1927 versuum
2839 1891 2940 1927 nu-

243 1990 443 2031 merus
490 1970 568 2030 ad
612 1971 767 2031 hanc
814 1980 1075 2031 aetatem
1118 1972 1421 2052 pervenit.
1471 1970 1684 2031 Cicero
1732 1980 2102 2035 autemuno
2137 1971 2272 2033 loco
2302 1971 2482 2032 huius
2512 1971 2755 2032 fabulae
2803 1975 2952 2031 facit

241 2076 607 2136 mentionem
653 2078 760 2150 ita,
811 2084 879 2135 ut
927 2076 1206 2136 omnibus
1254 2096 1387 2135 eam
1435 2096 1566 2136 esee
1612 2086 1818 2136 notam
1863 2085 2110 2155 putasse
2156 2076 2466 2137 videatur:
2513 2098 2623 2157 pru
2671 2079 2731 2139 Ε.
2767 2079 2944 2139 Runa.

245 2181 383 2239 Am.
440 2183 537 2262 16,
585 2183 699 2241 46:
748 2179 990 2261 ‘ecquid
1036 2179 1277 2241 tandem
1325 2180 1437 2239 tibi
1484 2180 1746 2253 videtur,
1816 2190 1882 2241 ut
1928 2180 2006 2240 ad
2053 2180 2287 2241 fabulas
2353 2182 2687 2263 veniamne,
2759 2203 2948 2243 senex

242 2285 350 2344 ille
396 2284 776 2346 Caecilianus
820 2286 1069 2346 minoris
1113 2288 1313 2347 facere
1360 2285 1733 2367 Eutychum,
1779 2287 1968 2346 filium
2013 2288 2325 2367 rusticum,
2396 2308 2575 2368 quam
2639 2287 2811 2347 illum
2863 2291 2944 2347 al-

241 2400 435 2450 terum
484 2390 1017 2451 Chaerestratumi’
1065 2426 1145 2436 --
1193 2411 1353 2465 nam,
1402 2399 1471 2451 ut
1518 2392 1754 2471 opinor,
1802 2390 1921 2451 hoc
1965 2394 2212 2451 nomine
2275 2401 2366 2451 est
2428 2427 2509 2438 -
2579 2391 2835 2451 alterum
2883 2395 2948 2451 in

250 2494 400 2556 urbe
446 2514 649 2556 secum
695 2496 938 2557 honoris
986 2516 1166 2556 causa
1211 2494 1456 2576 habere,
1516 2495 1773 2555 alterum
1827 2514 1928 2555 rus
1974 2496 2258 2576 supplicii
2307 2516 2486 2555 cansa
2531 2495 2944 2579 rfllflgaflfle‘flss)

262 2630 276 2638 ·
452 2599 687 2659 Similia
733 2609 937 2660 autem
982 2602 1138 2660 inter
1184 2621 1247 2660 se
1293 2608 1649 2678 argumenta
1695 2599 1978 2660 babuisse
2023 2601 2154 2659 veri
2195 2600 2391 2659 simile
2431 2609 2520 2660 est
2555 2603 2851 2663 Asutum
2887 2615 2944 2663 ut

243 2705 623 2785 Hymnida
666 2704 906 2764 fabulas
954 2700 1161 2786 (Ribb.
1198 2703 1366 2767 Com.
1399 2705 1575 2766 Rom.
1610 2705 1681 2763 fr.
1711 2724 1772 2785 p.
1810 2706 1891 2765 37
1925 2723 2038 2783 sq.,
2090 2703 2358 2764 Schluet.
2407 2724 2468 2782 p.
2517 2707 2555 2763 4
2607 2727 2715 2783 etp,
2763 2707 2944 2763 Ribh.

242 2811 285 2869 l.
334 2831 385 2872 c.
431 2831 493 2891 p.
542 2811 625 2869 45
673 2830 826 2889 sqq„
877 2808 1143 2873 Schluet.
1189 2829 1251 2890 p.
1303 2811 1388 2869 10
1429 2806 1572 2891 sq.).
1622 2809 1686 2867 in
1735 2816 1996 2890 utraque
2047 2809 2206 2868 enim
2262 2808 2615 2867 adulescens
2667 2811 2948 2871 inductus

244 2915 489 2977 videtur
532 2934 685 2996 esse,
735 2934 915 2995 quem
956 2923 1133 2996 pater
1177 2914 1363 2975 tristis
1410 2934 1482 2973 ac
1526 2932 1796 2973 morosus
1841 2913 1917 2973 ob
1948 2915 2138 2973 vitam
2187 2915 2316 2973 eius
2345 2913 2711 2975 luxurie-san]
2763 2915 2944 2975 vehe-

246 3029 481 3082 menter
510 3021 802 3101 increpat.
838 3021 941 3099 qui
974 3028 1150 3100 pater
1178 3026 1487 3097 tamquam
1520 3019 1866 3098 exemplum
1898 3018 2059 3077 senis
2096 3017 2230 3078 duri
2262 3028 2444 3098 atque
2475 3018 2735 3079 difficilia
2761 3023 2944 3099 vulg-u

250 3135 429 3185 notus
476 3124 721 3184 videtur
766 3126 950 3184 fuisse
998 3121 1099 3207 (cf.
1151 3122 1359 3197 Quint.
1406 3123 1506 3183 XI
1555 3127 1612 3198 1,
1662 3118 1795 3204 39).
1860 3123 2068 3201 itaque
2115 3120 2323 3182 Cicero
2393 3124 2451 3182 in
2519 3127 2787 3183 cratinae
2835 3147 2948 3207 pru

247 3227 421 3290 Cael.
474 3233 574 3309 16,
625 3231 705 3289 37
754 3228 953 3290 dicere
998 3230 1224 3308 potuit:
1294 3227 1497 3289 ‘redeo
1561 3248 1723 3287 nunc
1778 3226 1858 3286 ad
1899 3236 1982 3309 te,
2048 3225 2240 3306 Caeli,
2315 3228 2599 3299 vicissim,
2667 3251 2735 3287 ae
2799 3231 2944 3291 mihi

248 3336 668 3395 auctoritatem
731 3334 990 3414 patriam
1055 3326 1563 3413 severitatemque
1624 3332 1917 3412 suscipio:
2002 3331 2107 3393 sed
2172 3331 2401 3407 dubito,
2467 3354 2647 3413 quem
2711 3347 2944 3415 patrem

243 3441 631 3520 potissimum
681 3461 936 3502 sumam:
986 3437 1480 3500 Caecilianumne
1526 3439 1813 3520 aliquem,
1861 3437 2284 3499 vehementem
2329 3446 2514 3518 atque
2559 3439 2771 3499 durum

355 3577 501 3630 nunc
538 3577 678 3631 enim
718 3579 932 3629 demum
971 3580 1043 3629 mi
1080 3575 1289 3630 animus
1325 3578 1497 3642 ardet,
1530 3575 1675 3629 nunc
1712 3594 1888 3628 meum
1926 3593 2019 3629 cor
2055 3575 2359 3630 cumulatur
2394 3578 2474 3629 ira
2509 3575 2639 3645 (iun.
2683 3579 2715 3627 f.
2763 3575 2835 3647 1),

243 3694 350 3745 aut
395 3685 568 3746 illum

1076 3769 1109 3804 o
1144 3750 1350 3818 infelix,
1387 3770 1419 3804 o
1458 3753 1683 3805 sceleste
1722 3791 1735 3805 .
1776 3790 1789 3805 .
1826 3787 1843 3805 .
1880 3754 2005 3818 (inc.
2043 3753 2082 3805 f.
2119 3752 2195 3821 2).

244 3878 430 3941 ferrei
475 3886 618 3937 sunt
661 3878 761 3937 isti
817 3878 1066 3957 patres)
1122 3887 1250 3938 tum
1298 3880 1557 3939 citantur
1603 3898 1814 3939 versus
1861 3878 2097 3938 circiter
2141 3886 2273 3938 octo
2321 3898 2398 3938 ex
2442 3879 2711 3939 oratione
2755 3879 2944 3959 patris

457 4088 499 4159 ¹)
534 4090 785 4142 Fortasse
825 4090 988 4141 etiam
1025 4088 1136 4139 illis
1174 4088 1354 4139 verbis
1390 4088 1590 4139 ‘adsint
1626 4128 1638 4139 .
1668 4128 1680 4139 .
1709 4128 1721 4139 .
1761 4086 2212 4138 animadvertant'
2249 4086 2547 4139 versiculus
2587 4087 2775 4135 subest.
2811 4087 2944 4135 [law

244 4178 500 4243 cilianue;
538 4178 604 4231 cf.
642 4178 877 4231 Schluet.
914 4195 966 4244 Ρ.
1004 4180 1088 4229 20.

453 4262 492 4331 ²)
528 4265 613 4316 Ad
650 4282 808 4331 quem
845 4266 1022 4316 locum
1058 4262 1224 4315 schol.
1254 4262 1489 4314 Gronov.
1526 4280 1577 4329 p.
1605 4265 1707 4313 429
1746 4262 1881 4314 haec
1918 4262 2164 4316 adnotat:
2203 4262 2367 4329 ‘apud
2394 4262 2687 4313 Caecilium
2727 4279 2940 4315 eumue-

245 4353 599 4421 diographum
654 4354 927 4405 inducitur
978 4357 1135 4420 pater
1188 4352 1423 4419 quidam,
1480 4354 1571 4418 qui
1625 4351 1863 4403 habebat
1918 4352 2053 4403 duos
2116 4348 2276 4414 filios,
2324 4354 2382 4400 et
2421 4349 2575 4401 illum
2623 4367 2783 4419 quem
2823 4351 2948 4403 udin

244 4443 502 4508 habebat,
538 4458 721 4495 secum
760 4441 1015 4506 habebat,
1052 4457 1211 4509 quem
1248 4440 1468 4491 amabat
1500 4442 1609 4491 ruri
1647 4439 1799 4492 dedit
1837 4476 1850 4491 .
1875 4476 1890 4492 .
1916 4439 1950 4489 .’
1985 4439 2200 4490 videtur
2234 4443 2417 4490 autem
2452 4438 2563 4499 ille,
2599 4443 2779 4503 quiin
2815 4439 2948 4491 urhe

245 4531 554 4593 habitabat,
590 4530 895 4582 subditivus
931 4530 1117 4590 fuisse,
1151 4530 1288 4581 alter
1326 4529 1587 4595 genuinus
1632 4527 1724 4593 (cf.
1764 4526 2004 4579 Schluet.
2039 4543 2090 4592 Ρ.
2132 4528 2192 4578 11
2234 4542 2330 4593 sq.,
2366 4525 2575 4578 Teuffel
2611 4543 2663 4591 1¹—
2703 4527 2771 4595 ᾗ).
