<?xml version="1.0" encoding="UTF-8"?>
<!DOCTYPE html PUBLIC "-//W3C//DTD XHTML 1.0 Transitional//EN"
    "http://www.w3.org/TR/xhtml1/DTD/xhtml1-transitional.dtd">
<html xmlns="http://www.w3.org/1999/xhtml" xml:lang="en" lang="en">
 <head>
  <title>
</title>
<meta http-equiv="Content-Type" content="text/html;charset=utf-8" />
  <meta name='ocr-system' content='tesseract 3.04.00' />
  <meta name='ocr-capabilities' content='ocr_page ocr_carea ocr_par ocr_line ocrx_word'/>
</head>
<body>
  <div class='ocr_page' id='page_1' title='image "./dissertationesp07wiengoog_0265.png"; bbox 0 0 3300 5059; ppageno 0'>
   <div class='ocr_carea' id='block_1_1' title="bbox 183 135 246 194">
    <p class='ocr_par' dir='ltr' id='par_1_1' title="bbox 183 135 246 194">
     <span class='ocr_line' id='line_1_1' title="bbox 183 135 246 194; baseline 0.048 -3"><span class='ocrx_word' id='word_1_1' title='bbox 183 135 246 194; x_wconf 79' lang='lat'><strong>252</strong></span> 
     </span>
    </p>
   </div>
   <div class='ocr_carea' id='block_1_2' title="bbox 179 324 1536 3349">
    <p class='ocr_par' dir='ltr' id='par_1_2' title="bbox 179 324 1536 3349">
     <span class='ocr_line' id='line_1_2' title="bbox 182 324 1532 406; baseline 0.006 -23"><span class='ocrx_word' id='word_1_2' title='bbox 182 328 296 405; x_wconf 89' lang='lat' dir='ltr'><strong>primus</strong></span> <span class='ocrx_word' id='word_1_3' title='bbox 318 326 454 385; x_wconf 86' lang='lat' dir='ltr'><strong>fabulam</strong></span> <span class='ocrx_word' id='word_1_4' title='bbox 476 324 509 384; x_wconf 90' lang='lat' dir='ltr'><strong>C.</strong></span> <span class='ocrx_word' id='word_1_5' title='bbox 535 325 673 400; x_wconf 82' lang='lat' dir='ltr'><strong>Claudio,</strong></span> <span class='ocrx_word' id='word_1_6' title='bbox 704 329 793 387; x_wconf 90' lang='lat' dir='ltr'><strong>Caeci</strong></span> <span class='ocrx_word' id='word_1_7' title='bbox 816 328 889 401; x_wconf 86' lang='lat' dir='ltr'><strong>lilio,</strong></span> <span class='ocrx_word' id='word_1_8' title='bbox 921 336 950 386; x_wconf 92' lang='lat' dir='ltr'><strong>et</strong></span> <span class='ocrx_word' id='word_1_9' title='bbox 973 328 1012 386; x_wconf 81' lang='grc' dir='ltr'><strong>Μ,</strong></span> <span class='ocrx_word' id='word_1_10' title='bbox 1038 327 1193 388; x_wconf 81' lang='lat' dir='ltr'><strong>Tuditano</strong></span> <span class='ocrx_word' id='word_1_11' title='bbox 1222 330 1394 390; x_wconf 88' lang='lat' dir='ltr'><strong>consulibus</strong></span> <span class='ocrx_word' id='word_1_12' title='bbox 1418 330 1532 406; x_wconf 83' lang='lat' dir='ltr'><strong>docuit,</strong></span> 
     </span>
     <span class='ocr_line' id='line_1_3' title="bbox 183 431 1532 517; baseline 0.006 -28"><span class='ocrx_word' id='word_1_13' title='bbox 183 452 261 491; x_wconf 88' lang='lat' dir='ltr'><strong>anno</strong></span> <span class='ocrx_word' id='word_1_14' title='bbox 284 431 350 511; x_wconf 87' lang='lat' dir='ltr'><strong>ipso</strong></span> <span class='ocrx_word' id='word_1_15' title='bbox 373 439 534 510; x_wconf 79' lang='lat' dir='ltr'>antequam</span> <span class='ocrx_word' id='word_1_16' title='bbox 557 439 646 491; x_wconf 89' lang='lat' dir='ltr'><strong>natus</strong></span> <span class='ocrx_word' id='word_1_17' title='bbox 670 441 716 492; x_wconf 92' lang='lat' dir='ltr'><strong>est</strong></span> <span class='ocrx_word' id='word_1_18' title='bbox 737 431 866 506; x_wconf 79' lang='lat' dir='ltr'><strong>Ennius,</strong></span> <span class='ocrx_word' id='word_1_19' title='bbox 898 440 965 511; x_wconf 89' lang='lat' dir='ltr'><strong>post</strong></span> <span class='ocrx_word' id='word_1_20' title='bbox 987 433 1114 493; x_wconf 83' lang='lat' dir='ltr'><strong>Romam</strong></span> <span class='ocrx_word' id='word_1_21' title='bbox 1137 434 1303 495; x_wconf 78' lang='lat' dir='ltr'><strong>conditam&#39;</strong></span> <span class='ocrx_word' id='word_1_22' title='bbox 1317 445 1417 496; x_wconf 89' lang='lat' dir='ltr'><strong>autem</strong></span> <span class='ocrx_word' id='word_1_23' title='bbox 1440 457 1532 517; x_wconf 90' lang='lat' dir='ltr'><strong>quar-</strong></span> 
     </span>
     <span class='ocr_line' id='line_1_4' title="bbox 182 532 1535 620; baseline 0.006 -25"><span class='ocrx_word' id='word_1_24' title='bbox 182 545 213 595; x_wconf 93' lang='lat' dir='ltr'><strong>to</strong></span> <span class='ocrx_word' id='word_1_25' title='bbox 236 537 405 610; x_wconf 23' lang='lat' dir='ltr'><strong>decimo-et</strong></span> <span class='ocrx_word' id='word_1_26' title='bbox 427 537 679 615; x_wconf 80' lang='lat' dir='ltr'><strong>quingentesimo,</strong></span> <span class='ocrx_word' id='word_1_27' title='bbox 703 544 737 595; x_wconf 92' lang='lat' dir='ltr'><strong>ut</strong></span> <span class='ocrx_word' id='word_1_28' title='bbox 760 535 810 595; x_wconf 90' lang='lat' dir='ltr'><strong>bic</strong></span> <span class='ocrx_word' id='word_1_29' title='bbox 834 532 922 619; x_wconf 87' lang='lat' dir='ltr'><strong>(dicit</strong></span> <span class='ocrx_word' id='word_1_30' title='bbox 943 534 1094 620; x_wconf 84' lang='lat' dir='ltr'><strong>Atticum)</strong></span> <span class='ocrx_word' id='word_1_31' title='bbox 1119 540 1162 598; x_wconf 88' lang='lat' dir='ltr'><strong>ait</strong></span> <span class='ocrx_word' id='word_1_32' title='bbox 1185 560 1275 619; x_wconf 91' lang='lat' dir='ltr'><strong>quem</strong></span> <span class='ocrx_word' id='word_1_33' title='bbox 1298 542 1460 620; x_wconf 84' lang='lat' dir='ltr'>sequimur.</span> <span class='ocrx_word' id='word_1_34' title='bbox 1486 553 1535 603; x_wconf 90' lang='lat' dir='ltr'><strong>est</strong></span> 
     </span>
     <span class='ocr_line' id='line_1_5' title="bbox 183 642 1536 725; baseline 0.005 -25"><span class='ocrx_word' id='word_1_35' title='bbox 183 644 264 701; x_wconf 94' lang='lat' dir='ltr'><strong>enim</strong></span> <span class='ocrx_word' id='word_1_36' title='bbox 297 643 375 701; x_wconf 92' lang='lat' dir='ltr'><strong>inter</strong></span> <span class='ocrx_word' id='word_1_37' title='bbox 407 642 567 722; x_wconf 80' lang='lat' dir='ltr'><strong>scriptores</strong></span> <span class='ocrx_word' id='word_1_38' title='bbox 599 642 637 725; x_wconf 73' lang='lat' dir='ltr'><strong>de</strong></span> <span class='ocrx_word' id='word_1_39' title='bbox 667 663 791 702; x_wconf 87' lang='lat' dir='ltr'><strong>numero</strong></span> <span class='ocrx_word' id='word_1_40' title='bbox 824 662 973 701; x_wconf 86' lang='lat' dir='ltr'><strong>annorum</strong></span> <span class='ocrx_word' id='word_1_41' title='bbox 1005 646 1220 705; x_wconf 87' lang='lat' dir='ltr'><strong>controversia.</strong></span> <span class='ocrx_word' id='word_1_42' title='bbox 1255 646 1364 707; x_wconf 87' lang='lat' dir='ltr'><strong>Accius</strong></span> <span class='ocrx_word' id='word_1_43' title='bbox 1390 657 1491 708; x_wconf 86' lang='lat' dir='ltr'><strong>autem</strong></span> <span class='ocrx_word' id='word_1_44' title='bbox 1515 670 1536 707; x_wconf 89' lang='lat' dir='ltr'><strong>a</strong></span> 
     </span>
     <span class='ocr_line' id='line_1_6' title="bbox 183 745 1535 828; baseline 0.007 -23"><span class='ocrx_word' id='word_1_45' title='bbox 183 745 221 819; x_wconf 81' lang='lat' dir='ltr'><strong>Q.</strong></span> <span class='ocrx_word' id='word_1_46' title='bbox 244 748 376 806; x_wconf 86' lang='lat' dir='ltr'><strong>Maximo</strong></span> <span class='ocrx_word' id='word_1_47' title='bbox 401 748 539 826; x_wconf 91' lang='lat' dir='ltr'><strong>quintum</strong></span> <span class='ocrx_word' id='word_1_48' title='bbox 567 745 689 806; x_wconf 90' lang='lat' dir='ltr'><strong>consule</strong></span> <span class='ocrx_word' id='word_1_49' title='bbox 717 755 839 825; x_wconf 89' lang='lat' dir='ltr'><strong>captum</strong></span> <span class='ocrx_word' id='word_1_50' title='bbox 862 748 997 808; x_wconf 86' lang='lat' dir='ltr'><strong>Tarento</strong></span> <span class='ocrx_word' id='word_1_51' title='bbox 1028 748 1148 828; x_wconf 83' lang='lat' dir='ltr'>scripsit</span> <span class='ocrx_word' id='word_1_52' title='bbox 1170 748 1294 811; x_wconf 88' lang='lat' dir='ltr'><strong>Livium</strong></span> <span class='ocrx_word' id='word_1_53' title='bbox 1326 754 1411 813; x_wconf 88' lang='lat' dir='ltr'><strong>annis</strong></span> <span class='ocrx_word' id='word_1_54' title='bbox 1434 754 1535 813; x_wconf 88' lang='lat' dir='ltr'><strong>XXX</strong></span> 
     </span>
     <span class='ocr_line' id='line_1_7' title="bbox 182 850 1534 938; baseline 0.004 -27"><span class='ocrx_word' id='word_1_55' title='bbox 182 862 362 931; x_wconf 89' lang='lat' dir='ltr'><strong>postquam</strong></span> <span class='ocrx_word' id='word_1_56' title='bbox 385 869 452 911; x_wconf 89' lang='lat' dir='ltr'><strong>enm</strong></span> <span class='ocrx_word' id='word_1_57' title='bbox 475 851 608 911; x_wconf 87' lang='lat' dir='ltr'><strong>fabulam</strong></span> <span class='ocrx_word' id='word_1_58' title='bbox 633 850 771 911; x_wconf 79' lang='lat' dir='ltr'><strong>docuisse</strong></span> <span class='ocrx_word' id='word_1_59' title='bbox 794 859 825 910; x_wconf 90' lang='lat' dir='ltr'><strong>et</strong></span> <span class='ocrx_word' id='word_1_60' title='bbox 844 852 960 912; x_wconf 81' lang='lat' dir='ltr'><strong>Atticus</strong></span> <span class='ocrx_word' id='word_1_61' title='bbox 983 852 1088 912; x_wconf 81' lang='lat' dir='ltr'><strong>scribit</strong></span> <span class='ocrx_word' id='word_1_62' title='bbox 1111 862 1140 913; x_wconf 90' lang='lat' dir='ltr'><strong>et</strong></span> <span class='ocrx_word' id='word_1_63' title='bbox 1163 876 1218 914; x_wconf 90' lang='lat' dir='ltr'><strong>nos</strong></span> <span class='ocrx_word' id='word_1_64' title='bbox 1240 857 1272 915; x_wconf 91' lang='lat' dir='ltr'><strong>in</strong></span> <span class='ocrx_word' id='word_1_65' title='bbox 1296 858 1428 938; x_wconf 81' lang='lat' dir='ltr'><strong>antiquis</strong></span> <span class='ocrx_word' id='word_1_66' title='bbox 1452 879 1534 917; x_wconf 91' lang='lat' dir='ltr'><strong>com-</strong></span> 
     </span>
     <span class='ocr_line' id='line_1_8' title="bbox 182 955 1534 1039; baseline 0.005 -23"><span class='ocrx_word' id='word_1_67' title='bbox 182 958 339 1017; x_wconf 88' lang='lat' dir='ltr'><strong>mentariis</strong></span> <span class='ocrx_word' id='word_1_68' title='bbox 370 956 557 1033; x_wconf 87' lang='lat' dir='ltr'><strong>invenimus;</strong></span> <span class='ocrx_word' id='word_1_69' title='bbox 592 955 729 1017; x_wconf 83' lang='lat' dir='ltr'><strong>docuisse</strong></span> <span class='ocrx_word' id='word_1_70' title='bbox 752 966 854 1016; x_wconf 80' lang='lat' dir='ltr'><strong>arrtem</strong></span> <span class='ocrx_word' id='word_1_71' title='bbox 884 957 1020 1016; x_wconf 81' lang='lat' dir='ltr'><strong>fabulam</strong></span> <span class='ocrx_word' id='word_1_72' title='bbox 1048 958 1134 1018; x_wconf 88' lang='lat' dir='ltr'><strong>annis</strong></span> <span class='ocrx_word' id='word_1_73' title='bbox 1166 969 1234 1039; x_wconf 89' lang='lat' dir='ltr'><strong>post</strong></span> <span class='ocrx_word' id='word_1_74' title='bbox 1260 960 1311 1021; x_wconf 90' lang='lat' dir='ltr'><strong>XI</strong></span> <span class='ocrx_word' id='word_1_75' title='bbox 1333 960 1366 1021; x_wconf 92' lang='lat' dir='ltr'><strong>C.</strong></span> <span class='ocrx_word' id='word_1_76' title='bbox 1392 964 1534 1024; x_wconf 83' lang='lat' dir='ltr'><strong>Cornelio</strong></span> 
     </span>
     <span class='ocr_line' id='line_1_9' title="bbox 181 1060 1531 1148; baseline 0.006 -27"><span class='ocrx_word' id='word_1_77' title='bbox 181 1060 219 1136; x_wconf 82' lang='lat' dir='ltr'><strong>Q.</strong></span> <span class='ocrx_word' id='word_1_78' title='bbox 252 1061 384 1136; x_wconf 82' lang='lat' dir='ltr'><strong>Minucio</strong></span> <span class='ocrx_word' id='word_1_79' title='bbox 415 1060 587 1121; x_wconf 89' lang='lat' dir='ltr'><strong>consulibus</strong></span> <span class='ocrx_word' id='word_1_80' title='bbox 624 1060 705 1121; x_wconf 91' lang='lat' dir='ltr'><strong>ludis</strong></span> <span class='ocrx_word' id='word_1_81' title='bbox 736 1062 915 1136; x_wconf 83' lang='lat' dir='ltr'><strong>Iuventatis,</strong></span> <span class='ocrx_word' id='word_1_82' title='bbox 958 1082 1033 1142; x_wconf 91' lang='lat' dir='ltr'><strong>quos</strong></span> <span class='ocrx_word' id='word_1_83' title='bbox 1068 1061 1221 1123; x_wconf 82' lang='lat' dir='ltr'><strong>Salinator</strong></span> <span class='ocrx_word' id='word_1_84' title='bbox 1253 1064 1379 1127; x_wconf 81' lang='lat' dir='ltr'><strong>Senensi</strong></span> <span class='ocrx_word' id='word_1_85' title='bbox 1411 1070 1531 1148; x_wconf 86' lang='lat' dir='ltr'><strong>proelio</strong></span> 
     </span>
     <span class='ocr_line' id='line_1_10' title="bbox 182 1166 1532 1246; baseline 0.007 -22"><span class='ocrx_word' id='word_1_86' title='bbox 182 1175 318 1226; x_wconf 83' lang='lat' dir='ltr'><strong>voverat.</strong></span> <span class='ocrx_word' id='word_1_87' title='bbox 342 1167 374 1225; x_wconf 91' lang='lat' dir='ltr'><strong>in</strong></span> <span class='ocrx_word' id='word_1_88' title='bbox 398 1186 458 1246; x_wconf 92' lang='lat' dir='ltr'><strong>quo</strong></span> <span class='ocrx_word' id='word_1_89' title='bbox 481 1175 584 1225; x_wconf 87' lang='lat' dir='ltr'><strong>tantus</strong></span> <span class='ocrx_word' id='word_1_90' title='bbox 608 1186 690 1225; x_wconf 89' lang='lat' dir='ltr'><strong>error</strong></span> <span class='ocrx_word' id='word_1_91' title='bbox 713 1168 800 1226; x_wconf 89' lang='lat' dir='ltr'><strong>Accii</strong></span> <span class='ocrx_word' id='word_1_92' title='bbox 822 1168 889 1240; x_wconf 82' lang='lat' dir='ltr'><strong>fuit,</strong></span> <span class='ocrx_word' id='word_1_93' title='bbox 912 1176 946 1226; x_wconf 92' lang='lat' dir='ltr'><strong>ut</strong></span> <span class='ocrx_word' id='word_1_94' title='bbox 974 1166 1021 1227; x_wconf 93' lang='lat' dir='ltr'><strong>his</strong></span> <span class='ocrx_word' id='word_1_95' title='bbox 1046 1168 1219 1229; x_wconf 90' lang='lat' dir='ltr'><strong>consulibus</strong></span> <span class='ocrx_word' id='word_1_96' title='bbox 1241 1170 1301 1229; x_wconf 84' lang='lat' dir='ltr'><strong>XL</strong></span> <span class='ocrx_word' id='word_1_97' title='bbox 1324 1192 1419 1233; x_wconf 87' lang='lat' dir='ltr'><strong>annos</strong></span> <span class='ocrx_word' id='word_1_98' title='bbox 1441 1183 1532 1234; x_wconf 88' lang='lat' dir='ltr'><strong>natue</strong></span> 
     </span>
     <span class='ocr_line' id='line_1_11' title="bbox 182 1272 1533 1359; baseline 0.007 -29"><span class='ocrx_word' id='word_1_99' title='bbox 182 1272 301 1330; x_wconf 78' lang='lat' dir='ltr'><strong>Ennius</strong></span> <span class='ocrx_word' id='word_1_100' title='bbox 323 1272 424 1345; x_wconf 81' lang='lat' dir='ltr'><strong>suerit,</strong></span> <span class='ocrx_word' id='word_1_101' title='bbox 458 1272 506 1330; x_wconf 89' lang='lat' dir='ltr'><strong>cui</strong></span> <span class='ocrx_word' id='word_1_102' title='bbox 528 1272 554 1331; x_wconf 93' lang='lat' dir='ltr'><strong>si</strong></span> <span class='ocrx_word' id='word_1_103' title='bbox 587 1272 723 1351; x_wconf 88' lang='lat' dir='ltr'><strong>aequalis</strong></span> <span class='ocrx_word' id='word_1_104' title='bbox 755 1273 846 1331; x_wconf 86' lang='lat' dir='ltr'><strong>fuerit</strong></span> <span class='ocrx_word' id='word_1_105' title='bbox 873 1272 989 1346; x_wconf 83' lang='lat' dir='ltr'><strong>Livius,</strong></span> <span class='ocrx_word' id='word_1_106' title='bbox 1018 1274 1117 1334; x_wconf 89' lang='lat' dir='ltr'><strong>minor</strong></span> <span class='ocrx_word' id='word_1_107' title='bbox 1147 1275 1205 1334; x_wconf 80' lang='lat' dir='ltr'><strong>fuit</strong></span> <span class='ocrx_word' id='word_1_108' title='bbox 1228 1276 1381 1357; x_wconf 87' lang='lat' dir='ltr'><strong>aliquanto</strong></span> <span class='ocrx_word' id='word_1_109' title='bbox 1403 1278 1440 1358; x_wconf 78' lang='lat' dir='ltr'><strong>is,</strong></span> <span class='ocrx_word' id='word_1_110' title='bbox 1471 1281 1533 1359; x_wconf 77' lang='lat' dir='ltr'><strong>‘qui</strong></span> 
     </span>
     <span class='ocr_line' id='line_1_12' title="bbox 180 1375 1532 1459; baseline 0.007 -24"><span class='ocrx_word' id='word_1_111' title='bbox 180 1378 295 1456; x_wconf 90' lang='lat' dir='ltr'><strong>primus</strong></span> <span class='ocrx_word' id='word_1_112' title='bbox 317 1375 451 1435; x_wconf 88' lang='lat' dir='ltr'><strong>fabulam</strong></span> <span class='ocrx_word' id='word_1_113' title='bbox 477 1375 571 1451; x_wconf 88' lang='lat' dir='ltr'><strong>dedit,</strong></span> <span class='ocrx_word' id='word_1_114' title='bbox 606 1398 697 1457; x_wconf 89' lang='lat' dir='ltr'><strong>qnam</strong></span> <span class='ocrx_word' id='word_1_115' title='bbox 721 1378 759 1449; x_wconf 90' lang='lat' dir='ltr'><strong>ei,</strong></span> <span class='ocrx_word' id='word_1_116' title='bbox 796 1378 848 1457; x_wconf 92' lang='lat' dir='ltr'><strong>qui</strong></span> <span class='ocrx_word' id='word_1_117' title='bbox 881 1377 989 1437; x_wconf 89' lang='lat' dir='ltr'><strong>multas</strong></span> <span class='ocrx_word' id='word_1_118' title='bbox 1013 1376 1179 1439; x_wconf 87' lang='lat' dir='ltr'><strong>docuerant</strong></span> <span class='ocrx_word' id='word_1_119' title='bbox 1209 1389 1278 1441; x_wconf 86' lang='lat' dir='ltr'><strong>ante</strong></span> <span class='ocrx_word' id='word_1_120' title='bbox 1306 1382 1361 1441; x_wconf 86' lang='lat' dir='ltr'><strong>bos</strong></span> <span class='ocrx_word' id='word_1_121' title='bbox 1383 1381 1532 1459; x_wconf 86' lang='lat' dir='ltr'><strong>consules,</strong></span> 
     </span>
     <span class='ocr_line' id='line_1_13' title="bbox 183 1476 1532 1568; baseline 0.007 -29"><span class='ocrx_word' id='word_1_122' title='bbox 183 1490 214 1540; x_wconf 89' lang='lat' dir='ltr'><strong>et</strong></span> <span class='ocrx_word' id='word_1_123' title='bbox 236 1480 362 1540; x_wconf 89' lang='lat' dir='ltr'><strong>Plautus</strong></span> <span class='ocrx_word' id='word_1_124' title='bbox 385 1489 416 1539; x_wconf 88' lang='lat' dir='ltr'><strong>et</strong></span> <span class='ocrx_word' id='word_1_125' title='bbox 437 1480 595 1541; x_wconf 88' lang='lat' dir='ltr'><strong>Naevius.&#39;</strong></span> <span class='ocrx_word' id='word_1_126' title='bbox 618 1500 709 1561; x_wconf 90' lang='lat' dir='ltr'><strong>quem</strong></span> <span class='ocrx_word' id='word_1_127' title='bbox 731 1482 830 1540; x_wconf 86' lang='lat' dir='ltr'><strong>locum</strong></span> <span class='ocrx_word' id='word_1_128' title='bbox 854 1482 1005 1561; x_wconf 85' lang='lat' dir='ltr'><strong>integrum</strong></span> <span class='ocrx_word' id='word_1_129' title='bbox 1029 1484 1185 1564; x_wconf 84' lang='lat' dir='ltr'><strong>exscripsi,</strong></span> <span class='ocrx_word' id='word_1_130' title='bbox 1219 1485 1333 1566; x_wconf 86' lang='lat' dir='ltr'><strong>quippe</strong></span> <span class='ocrx_word' id='word_1_131' title='bbox 1357 1506 1415 1566; x_wconf 89' lang='lat' dir='ltr'><strong>quo</strong></span> <span class='ocrx_word' id='word_1_132' title='bbox 1439 1476 1532 1568; x_wconf 73' lang='lat' dir='ltr'><strong>aptis-</strong></span> 
     </span>
     <span class='ocr_line' id='line_1_14' title="bbox 181 1584 1530 1675; baseline 0.005 -29"><span class='ocrx_word' id='word_1_133' title='bbox 181 1587 256 1646; x_wconf 90' lang='lat' dir='ltr'><strong>sime</strong></span> <span class='ocrx_word' id='word_1_134' title='bbox 280 1585 508 1658; x_wconf 88' lang='lat' dir='ltr'><strong>demonstretur,</strong></span> <span class='ocrx_word' id='word_1_135' title='bbox 548 1595 690 1666; x_wconf 88' lang='lat' dir='ltr'><strong>quantam</strong></span> <span class='ocrx_word' id='word_1_136' title='bbox 715 1584 821 1645; x_wconf 89' lang='lat' dir='ltr'><strong>Cicero</strong></span> <span class='ocrx_word' id='word_1_137' title='bbox 857 1585 1043 1666; x_wconf 84' lang='lat' dir='ltr'><strong>diligentiam</strong></span> <span class='ocrx_word' id='word_1_138' title='bbox 1071 1587 1254 1663; x_wconf 84' lang='lat' dir='ltr'><strong>adbibuerit¹</strong></span> <span class='ocrx_word' id='word_1_139' title='bbox 1272 1590 1310 1649; x_wconf 88' lang='lat' dir='ltr'><strong>ad</strong></span> <span class='ocrx_word' id='word_1_140' title='bbox 1333 1591 1412 1651; x_wconf 90' lang='lat' dir='ltr'><strong>banc</strong></span> <span class='ocrx_word' id='word_1_141' title='bbox 1435 1613 1530 1675; x_wconf 89' lang='lat' dir='ltr'><strong>quae-</strong></span> 
     </span>
     <span class='ocr_line' id='line_1_15' title="bbox 181 1678 1531 1771; baseline 0.007 -22"><span class='ocrx_word' id='word_1_142' title='bbox 181 1692 309 1750; x_wconf 89' lang='lat' dir='ltr'><strong>stionem</strong></span> <span class='ocrx_word' id='word_1_143' title='bbox 341 1689 528 1765; x_wconf 86' lang='lat' dir='ltr'><strong>solvendam,</strong></span> <span class='ocrx_word' id='word_1_144' title='bbox 562 1711 629 1750; x_wconf 90' lang='lat' dir='ltr'><strong>cum</strong></span> <span class='ocrx_word' id='word_1_145' title='bbox 658 1710 732 1770; x_wconf 89' lang='lat' dir='ltr'><strong>quos</strong></span> <span class='ocrx_word' id='word_1_146' title='bbox 764 1700 886 1771; x_wconf 89' lang='lat' dir='ltr'><strong>praesto</strong></span> <span class='ocrx_word' id='word_1_147' title='bbox 916 1690 1024 1751; x_wconf 89' lang='lat' dir='ltr'><strong>habuit</strong></span> <span class='ocrx_word' id='word_1_148' title='bbox 1055 1693 1190 1754; x_wconf 85' lang='lat' dir='ltr'><strong>fontibus</strong></span> <span class='ocrx_word' id='word_1_149' title='bbox 1223 1715 1340 1755; x_wconf 90' lang='lat' dir='ltr'><strong>summa</strong></span> <span class='ocrx_word' id='word_1_150' title='bbox 1370 1694 1430 1757; x_wconf 90' lang='lat' dir='ltr'><strong>fide</strong></span> <span class='ocrx_word' id='word_1_151' title='bbox 1445 1678 1448 1685; x_wconf 33' lang='lat'><strong>⁴</strong></span> <span class='ocrx_word' id='word_1_152' title='bbox 1462 1718 1531 1759; x_wconf 91' lang='lat' dir='ltr'><strong>eum</strong></span> 
     </span>
     <span class='ocr_line' id='line_1_16' title="bbox 179 1794 1530 1879; baseline 0.004 -24"><span class='ocrx_word' id='word_1_153' title='bbox 179 1816 266 1856; x_wconf 89' lang='lat' dir='ltr'><strong>usum</strong></span> <span class='ocrx_word' id='word_1_154' title='bbox 298 1816 364 1855; x_wconf 89' lang='lat' dir='ltr'><strong>esse</strong></span> <span class='ocrx_word' id='word_1_155' title='bbox 395 1794 560 1860; x_wconf 89' lang='lat' dir='ltr'><strong>videamus.</strong></span> <span class='ocrx_word' id='word_1_156' title='bbox 572 1795 594 1874; x_wconf 89' lang='grc'><strong>1)</strong></span> <span class='ocrx_word' id='word_1_157' title='bbox 612 1804 719 1875; x_wconf 77' lang='lat' dir='ltr'><strong>¹atque</strong></span> <span class='ocrx_word' id='word_1_158' title='bbox 757 1796 838 1855; x_wconf 84' lang='lat' dir='ltr'><strong>idem</strong></span> <span class='ocrx_word' id='word_1_159' title='bbox 870 1798 934 1857; x_wconf 86' lang='lat' dir='ltr'><strong>fere</strong></span> <span class='ocrx_word' id='word_1_160' title='bbox 966 1796 1093 1877; x_wconf 82' lang='lat' dir='ltr'><strong>legimus</strong></span> <span class='ocrx_word' id='word_1_161' title='bbox 1116 1800 1157 1865; x_wconf 71' lang='lat' dir='ltr'><strong>‚in</strong></span> <span class='ocrx_word' id='word_1_162' title='bbox 1190 1800 1255 1879; x_wconf 90' lang='lat' dir='ltr'><strong>ipso</strong></span> <span class='ocrx_word' id='word_1_163' title='bbox 1288 1801 1530 1863; x_wconf 83' lang='lat' dir='ltr'><strong>Tusculanorum</strong></span> 
     </span>
     <span class='ocr_line' id='line_1_17' title="bbox 181 1901 1531 1982; baseline 0.006 -23"><span class='ocrx_word' id='word_1_164' title='bbox 181 1902 268 1962; x_wconf 90' lang='lat' dir='ltr'><strong>initio</strong></span> <span class='ocrx_word' id='word_1_165' title='bbox 284 1902 301 1960; x_wconf 98' lang='lat' dir='ltr'>I</span> <span class='ocrx_word' id='word_1_166' title='bbox 315 1906 344 1977; x_wconf 86' lang='lat' dir='ltr'><strong>l,</strong></span> <span class='ocrx_word' id='word_1_167' title='bbox 361 1903 390 1959; x_wconf 86' lang='lat'><strong>3.</strong></span> <span class='ocrx_word' id='word_1_168' title='bbox 409 1909 592 1980; x_wconf 79' lang='lat' dir='ltr'><strong>exposuerat</strong></span> <span class='ocrx_word' id='word_1_169' title='bbox 607 1901 690 1962; x_wconf 90' lang='lat' dir='ltr'><strong>euim</strong></span> <span class='ocrx_word' id='word_1_170' title='bbox 700 1901 806 1962; x_wconf 57' lang='lat' dir='ltr'><strong>erroro</strong></span> <span class='ocrx_word' id='word_1_171' title='bbox 821 1902 984 1982; x_wconf 86' lang='lat' dir='ltr'><strong>populares</strong></span> <span class='ocrx_word' id='word_1_172' title='bbox 1000 1923 1078 1975; x_wconf 85' lang='lat' dir='ltr'><strong>suos¹</strong></span> <span class='ocrx_word' id='word_1_173' title='bbox 1104 1924 1170 1963; x_wconf 89' lang='lat' dir='ltr'><strong>cum</strong></span> <span class='ocrx_word' id='word_1_174' title='bbox 1185 1905 1359 1967; x_wconf 89' lang='lat' dir='ltr'><strong>melioribus</strong></span> <span class='ocrx_word' id='word_1_175' title='bbox 1375 1916 1531 1967; x_wconf 88' lang='lat' dir='ltr'><strong>uterentur</strong></span> 
     </span>
     <span class='ocr_line' id='line_1_18' title="bbox 181 2005 1529 2092; baseline 0.006 -29"><span class='ocrx_word' id='word_1_176' title='bbox 181 2006 325 2065; x_wconf 91' lang='lat' dir='ltr'><strong>institutis</strong></span> <span class='ocrx_word' id='word_1_177' title='bbox 341 2014 372 2065; x_wconf 89' lang='lat' dir='ltr'><strong>et</strong></span> <span class='ocrx_word' id='word_1_178' title='bbox 382 2005 508 2083; x_wconf 88' lang='lat' dir='ltr'><strong>legibus,</strong></span> <span class='ocrx_word' id='word_1_179' title='bbox 527 2005 651 2066; x_wconf 85' lang='lat' dir='ltr'><strong>Graecis</strong></span> <span class='ocrx_word' id='word_1_180' title='bbox 675 2007 791 2066; x_wconf 66' lang='lat' dir='ltr'><strong>antcire</strong></span> <span class='ocrx_word' id='word_1_181' title='bbox 806 2007 837 2065; x_wconf 90' lang='lat' dir='ltr'><strong>in</strong></span> <span class='ocrx_word' id='word_1_182' title='bbox 853 2006 1052 2087; x_wconf 87' lang='lat' dir='ltr'><strong>temperanda</strong></span> <span class='ocrx_word' id='word_1_183' title='bbox 1068 2028 1100 2068; x_wconf 90' lang='lat' dir='ltr'><strong>ro</strong></span> <span class='ocrx_word' id='word_1_184' title='bbox 1115 2009 1239 2089; x_wconf 83' lang='lat' dir='ltr'><strong>publica</strong></span> <span class='ocrx_word' id='word_1_185' title='bbox 1254 2031 1353 2092; x_wconf 85' lang='lat' dir='ltr'><strong>neque</strong></span> <span class='ocrx_word' id='word_1_186' title='bbox 1375 2013 1473 2072; x_wconf 90' lang='lat' dir='ltr'><strong>minus</strong></span> <span class='ocrx_word' id='word_1_187' title='bbox 1497 2014 1529 2071; x_wconf 91' lang='lat' dir='ltr'><strong>in</strong></span> 
     </span>
     <span class='ocr_line' id='line_1_19' title="bbox 181 2094 1530 2196; baseline 0.007 -28"><span class='ocrx_word' id='word_1_188' title='bbox 181 2130 214 2169; x_wconf 91' lang='lat' dir='ltr'><strong>re</strong></span> <span class='ocrx_word' id='word_1_189' title='bbox 228 2111 352 2169; x_wconf 87' lang='lat' dir='ltr'><strong>militari</strong></span> <span class='ocrx_word' id='word_1_190' title='bbox 362 2109 612 2188; x_wconf 81' lang='lat' dir='ltr'><strong>administranda3</strong></span> <span class='ocrx_word' id='word_1_191' title='bbox 629 2110 768 2171; x_wconf 89' lang='lat' dir='ltr'><strong>doctrina</strong></span> <span class='ocrx_word' id='word_1_192' title='bbox 782 2094 855 2171; x_wconf 73' lang='lat' dir='ltr'><strong>elane</strong></span> <span class='ocrx_word' id='word_1_193' title='bbox 871 2110 1023 2172; x_wconf 85' lang='lat' dir='ltr'><strong>aGraecis</strong></span> <span class='ocrx_word' id='word_1_194' title='bbox 1038 2132 1088 2172; x_wconf 91' lang='lat' dir='ltr'><strong>eos</strong></span> <span class='ocrx_word' id='word_1_195' title='bbox 1104 2122 1135 2173; x_wconf 91' lang='lat' dir='ltr'><strong>et</strong></span> <span class='ocrx_word' id='word_1_196' title='bbox 1150 2118 1230 2174; x_wconf 92' lang='lat' dir='ltr'><strong>omni</strong></span> <span class='ocrx_word' id='word_1_197' title='bbox 1241 2116 1408 2176; x_wconf 88' lang='lat' dir='ltr'><strong>litterarum</strong></span> <span class='ocrx_word' id='word_1_198' title='bbox 1417 2136 1530 2196; x_wconf 86' lang='lat' dir='ltr'><strong>genere</strong></span> 
     </span>
     <span class='ocr_line' id='line_1_20' title="bbox 181 2214 1528 2296; baseline 0.005 -22"><span class='ocrx_word' id='word_1_199' title='bbox 181 2225 426 2296; x_wconf 68' lang='lat' dir='ltr'><strong>supermensus,</strong></span> <span class='ocrx_word' id='word_1_200' title='bbox 451 2214 531 2296; x_wconf 90' lang='lat' dir='ltr'><strong>quod</strong></span> <span class='ocrx_word' id='word_1_201' title='bbox 547 2223 627 2276; x_wconf 88' lang='lat' dir='ltr'><strong>certe</strong></span> <span class='ocrx_word' id='word_1_202' title='bbox 649 2236 709 2276; x_wconf 93' lang='lat' dir='ltr'><strong>non</strong></span> <span class='ocrx_word' id='word_1_203' title='bbox 724 2216 832 2276; x_wconf 87' lang='lat' dir='ltr'><strong>fuisset</strong></span> <span class='ocrx_word' id='word_1_204' title='bbox 855 2215 987 2289; x_wconf 84' lang='lat' dir='ltr'><strong>difficile,</strong></span> <span class='ocrx_word' id='word_1_205' title='bbox 1012 2220 1156 2296; x_wconf 87' lang='lat' dir='ltr'><strong>quoniam</strong></span> <span class='ocrx_word' id='word_1_206' title='bbox 1172 2222 1301 2280; x_wconf 89' lang='lat' dir='ltr'><strong>Romani</strong></span> <span class='ocrx_word' id='word_1_207' title='bbox 1324 2241 1391 2281; x_wconf 91' lang='lat' dir='ltr'><strong>sero</strong></span> <span class='ocrx_word' id='word_1_208' title='bbox 1407 2220 1528 2281; x_wconf 88' lang='lat' dir='ltr'><strong>demum</strong></span> 
     </span>
     <span class='ocr_line' id='line_1_21' title="bbox 182 2318 1529 2405; baseline 0.005 -25"><span class='ocrx_word' id='word_1_209' title='bbox 182 2322 351 2400; x_wconf 84' lang='lat' dir='ltr'><strong>attigissent</strong></span> <span class='ocrx_word' id='word_1_210' title='bbox 373 2320 540 2379; x_wconf 87' lang='lat' dir='ltr'><strong>litterarum</strong></span> <span class='ocrx_word' id='word_1_211' title='bbox 563 2319 671 2382; x_wconf 90' lang='lat' dir='ltr'><strong>studia.</strong></span> <span class='ocrx_word' id='word_1_212' title='bbox 697 2321 806 2401; x_wconf 89' lang='lat' dir='ltr'><strong>quibus</strong></span> <span class='ocrx_word' id='word_1_213' title='bbox 829 2318 907 2382; x_wconf 87' lang='lat' dir='ltr'><strong>haec</strong></span> <span class='ocrx_word' id='word_1_214' title='bbox 929 2319 1081 2401; x_wconf 87' lang='lat' dir='ltr'><strong>adiungit:</strong></span> <span class='ocrx_word' id='word_1_215' title='bbox 1107 2328 1185 2383; x_wconf 87' lang='lat' dir='ltr'><strong>‘nam</strong></span> <span class='ocrx_word' id='word_1_216' title='bbox 1206 2346 1273 2384; x_wconf 90' lang='lat' dir='ltr'><strong>cum</strong></span> <span class='ocrx_word' id='word_1_217' title='bbox 1296 2325 1377 2405; x_wconf 89' lang='lat' dir='ltr'><strong>apud</strong></span> <span class='ocrx_word' id='word_1_218' title='bbox 1397 2324 1529 2387; x_wconf 82' lang='lat' dir='ltr'><strong>Graecos</strong></span> 
     </span>
     <span class='ocr_line' id='line_1_22' title="bbox 181 2426 1529 2511; baseline 0.004 -26"><span class='ocrx_word' id='word_1_219' title='bbox 181 2427 421 2506; x_wconf 88' lang='lat' dir='ltr'><strong>antiquissimum</strong></span> <span class='ocrx_word' id='word_1_220' title='bbox 461 2446 477 2484; x_wconf 93' lang='lat' dir='ltr'><strong>e</strong></span> <span class='ocrx_word' id='word_1_221' title='bbox 513 2426 607 2487; x_wconf 89' lang='lat' dir='ltr'><strong>doctis</strong></span> <span class='ocrx_word' id='word_1_222' title='bbox 645 2446 739 2503; x_wconf 90' lang='lat' dir='ltr'><strong>genus</strong></span> <span class='ocrx_word' id='word_1_223' title='bbox 770 2428 810 2486; x_wconf 94' lang='lat' dir='ltr'><strong>sit</strong></span> <span class='ocrx_word' id='word_1_224' title='bbox 847 2434 1034 2507; x_wconf 89' lang='lat' dir='ltr'><strong>poetarum.</strong></span> <span class='ocrx_word' id='word_1_225' title='bbox 1068 2472 1074 2486; x_wconf 92' lang='lat'><strong><em>.</em></strong></span> <span class='ocrx_word' id='word_1_226' title='bbox 1109 2474 1114 2487; x_wconf 87' lang='lat'><strong><em>.</em></strong></span> <span class='ocrx_word' id='word_1_227' title='bbox 1161 2432 1256 2490; x_wconf 86' lang='lat' dir='ltr'><strong>serius</strong></span> <span class='ocrx_word' id='word_1_228' title='bbox 1287 2432 1439 2511; x_wconf 86' lang='lat' dir='ltr'><strong>poeticam</strong></span> <span class='ocrx_word' id='word_1_229' title='bbox 1472 2453 1529 2492; x_wconf 92' lang='lat' dir='ltr'><strong>nos</strong></span> 
     </span>
     <span class='ocr_line' id='line_1_23' title="bbox 181 2531 1525 2611; baseline 0.004 -20"><span class='ocrx_word' id='word_1_230' title='bbox 181 2532 359 2610; x_wconf 86' lang='lat' dir='ltr'><strong>accepimus.</strong></span> <span class='ocrx_word' id='word_1_231' title='bbox 395 2532 481 2590; x_wconf 90' lang='lat' dir='ltr'><strong>annis</strong></span> <span class='ocrx_word' id='word_1_232' title='bbox 513 2532 576 2591; x_wconf 84' lang='lat' dir='ltr'><strong>iere</strong></span> <span class='ocrx_word' id='word_1_233' title='bbox 603 2532 665 2591; x_wconf 88' lang='lat' dir='ltr'><strong>DX</strong></span> <span class='ocrx_word' id='word_1_234' title='bbox 695 2540 765 2611; x_wconf 86' lang='lat' dir='ltr'><strong>post</strong></span> <span class='ocrx_word' id='word_1_235' title='bbox 795 2531 924 2591; x_wconf 88' lang='lat' dir='ltr'><strong>Romam</strong></span> <span class='ocrx_word' id='word_1_236' title='bbox 957 2532 1107 2594; x_wconf 87' lang='lat' dir='ltr'><strong>conditam</strong></span> <span class='ocrx_word' id='word_1_237' title='bbox 1139 2535 1252 2609; x_wconf 79' lang='lat' dir='ltr'><strong>Livius</strong></span> <span class='ocrx_word' id='word_1_238' title='bbox 1281 2536 1414 2596; x_wconf 87' lang='lat' dir='ltr'><strong>fabulam</strong></span> <span class='ocrx_word' id='word_1_239' title='bbox 1439 2536 1525 2597; x_wconf 90' lang='lat' dir='ltr'><strong>dedit</strong></span> 
     </span>
     <span class='ocr_line' id='line_1_24' title="bbox 181 2635 1527 2716; baseline 0.004 -20"><span class='ocrx_word' id='word_1_240' title='bbox 181 2635 214 2700; x_wconf 86' lang='lat' dir='ltr'><strong>C.</strong></span> <span class='ocrx_word' id='word_1_241' title='bbox 239 2636 374 2711; x_wconf 82' lang='lat' dir='ltr'><strong>Claudio,</strong></span> <span class='ocrx_word' id='word_1_242' title='bbox 399 2635 492 2696; x_wconf 82' lang='lat' dir='ltr'><strong>Caeci</strong></span> <span class='ocrx_word' id='word_1_243' title='bbox 513 2636 584 2709; x_wconf 86' lang='lat' dir='ltr'><strong>filio,</strong></span> <span class='ocrx_word' id='word_1_244' title='bbox 608 2638 649 2697; x_wconf 87' lang='grc' dir='ltr'><strong>Μ.</strong></span> <span class='ocrx_word' id='word_1_245' title='bbox 666 2635 821 2697; x_wconf 84' lang='lat' dir='ltr'><strong>Tuditano</strong></span> <span class='ocrx_word' id='word_1_246' title='bbox 845 2638 1028 2711; x_wconf 88' lang='lat' dir='ltr'><strong>consulibus,</strong></span> <span class='ocrx_word' id='word_1_247' title='bbox 1056 2660 1134 2699; x_wconf 90' lang='lat' dir='ltr'><strong>anno</strong></span> <span class='ocrx_word' id='word_1_248' title='bbox 1158 2649 1228 2701; x_wconf 88' lang='lat' dir='ltr'><strong>ante</strong></span> <span class='ocrx_word' id='word_1_249' title='bbox 1251 2650 1354 2701; x_wconf 87' lang='lat' dir='ltr'><strong>natum</strong></span> <span class='ocrx_word' id='word_1_250' title='bbox 1377 2642 1527 2716; x_wconf 79' lang='lat' dir='ltr'><strong>Ennium3</strong></span> 
     </span>
     <span class='ocr_line' id='line_1_25' title="bbox 180 2727 1529 2824; baseline 0.004 -24"><span class='ocrx_word' id='word_1_251' title='bbox 180 2727 246 2801; x_wconf 90' lang='lat' dir='ltr'><strong>sero</strong></span> <span class='ocrx_word' id='word_1_252' title='bbox 269 2742 364 2820; x_wconf 85' lang='lat' dir='ltr'><strong>igitur</strong></span> <span class='ocrx_word' id='word_1_253' title='bbox 394 2762 413 2800; x_wconf 92' lang='lat' dir='ltr'><strong>a</strong></span> <span class='ocrx_word' id='word_1_254' title='bbox 440 2743 550 2801; x_wconf 91' lang='lat' dir='ltr'><strong>nostris</strong></span> <span class='ocrx_word' id='word_1_255' title='bbox 573 2751 683 2821; x_wconf 85' lang='lat' dir='ltr'><strong>poetae</strong></span> <span class='ocrx_word' id='word_1_256' title='bbox 714 2742 765 2802; x_wconf 84' lang='lat' dir='ltr'><strong>vel</strong></span> <span class='ocrx_word' id='word_1_257' title='bbox 788 2743 902 2821; x_wconf 83' lang='lat' dir='ltr'><strong>cogniti</strong></span> <span class='ocrx_word' id='word_1_258' title='bbox 934 2744 984 2802; x_wconf 90' lang='lat' dir='ltr'><strong>vel</strong></span> <span class='ocrx_word' id='word_1_259' title='bbox 1015 2741 1139 2823; x_wconf 67' lang='lat' dir='ltr'><strong>scripti!</strong></span> <span class='ocrx_word' id='word_1_260' title='bbox 1170 2764 1269 2824; x_wconf 90' lang='lat' dir='ltr'><strong>neque</strong></span> <span class='ocrx_word' id='word_1_261' title='bbox 1297 2767 1369 2807; x_wconf 87' lang='lat' dir='ltr'><strong>vcro</strong></span> <span class='ocrx_word' id='word_1_262' title='bbox 1402 2746 1529 2806; x_wconf 91' lang='lat' dir='ltr'><strong>dubium</strong></span> 
     </span>
     <span class='ocr_line' id='line_1_26' title="bbox 180 2838 1530 2932; baseline 0.006 -28"><span class='ocrx_word' id='word_1_263' title='bbox 180 2853 235 2920; x_wconf 86' lang='lat' dir='ltr'><strong>cst,</strong></span> <span class='ocrx_word' id='word_1_264' title='bbox 259 2847 332 2925; x_wconf 84' lang='lat' dir='ltr'><strong>quin</strong></span> <span class='ocrx_word' id='word_1_265' title='bbox 364 2838 548 2905; x_wconf 85' lang='lat' dir='ltr'><strong>incunabula</strong></span> <span class='ocrx_word' id='word_1_266' title='bbox 579 2846 632 2905; x_wconf 90' lang='lat' dir='ltr'><strong>illa</strong></span> <span class='ocrx_word' id='word_1_267' title='bbox 664 2847 831 2907; x_wconf 89' lang='lat' dir='ltr'><strong>litterarum</strong></span> <span class='ocrx_word' id='word_1_268' title='bbox 863 2848 1041 2907; x_wconf 88' lang='lat' dir='ltr'><strong>Latinarum</strong></span> <span class='ocrx_word' id='word_1_269' title='bbox 1074 2848 1111 2908; x_wconf 94' lang='lat' dir='ltr'><strong>ab</strong></span> <span class='ocrx_word' id='word_1_270' title='bbox 1144 2849 1315 2910; x_wconf 87' lang='lat' dir='ltr'><strong>bominibus</strong></span> <span class='ocrx_word' id='word_1_271' title='bbox 1339 2850 1444 2926; x_wconf 89' lang='lat' dir='ltr'><strong>doctis,</strong></span> <span class='ocrx_word' id='word_1_272' title='bbox 1479 2855 1530 2932; x_wconf 92' lang='lat' dir='ltr'><strong>qui</strong></span> 
     </span>
     <span class='ocr_line' id='line_1_27' title="bbox 181 2936 1533 3033; baseline 0.006 -24"><span class='ocrx_word' id='word_1_273' title='bbox 181 2959 266 3010; x_wconf 88' lang='lat' dir='ltr'><strong>eraut</strong></span> <span class='ocrx_word' id='word_1_274' title='bbox 288 2959 318 3010; x_wconf 90' lang='lat' dir='ltr'><strong>et</strong></span> <span class='ocrx_word' id='word_1_275' title='bbox 340 2959 411 3011; x_wconf 85' lang='lat' dir='ltr'><strong>ante</strong></span> <span class='ocrx_word' id='word_1_276' title='bbox 434 2951 612 3012; x_wconf 79' lang='lat' dir='ltr'><strong>Ciceronem</strong></span> <span class='ocrx_word' id='word_1_277' title='bbox 635 2960 664 3012; x_wconf 90' lang='lat' dir='ltr'><strong>et</strong></span> <span class='ocrx_word' id='word_1_278' title='bbox 687 2953 781 3033; x_wconf 92' lang='lat' dir='ltr'><strong>ipsius</strong></span> <span class='ocrx_word' id='word_1_279' title='bbox 806 2960 915 3027; x_wconf 88' lang='lat' dir='ltr'><strong>aetate,</strong></span> <span class='ocrx_word' id='word_1_280' title='bbox 940 2973 1032 3033; x_wconf 89' lang='lat' dir='ltr'><strong>saepe</strong></span> <span class='ocrx_word' id='word_1_281' title='bbox 1056 2941 1301 3033; x_wconf 46' lang='lat' dir='ltr'><strong>iam&#39;diligenter</strong></span> <span class='ocrx_word' id='word_1_282' title='bbox 1323 2936 1450 3016; x_wconf 88' lang='lat' dir='ltr'><strong>tractata</strong></span> <span class='ocrx_word' id='word_1_283' title='bbox 1472 2960 1533 3017; x_wconf 85' lang='lat' dir='ltr'><strong>sint</strong></span> 
     </span>
     <span class='ocr_line' id='line_1_28' title="bbox 181 3055 1532 3137; baseline 0.005 -22"><span class='ocrx_word' id='word_1_284' title='bbox 181 3065 211 3115; x_wconf 94' lang='lat' dir='ltr'><strong>et</strong></span> <span class='ocrx_word' id='word_1_285' title='bbox 233 3055 392 3131; x_wconf 87' lang='lat' dir='ltr'><strong>illustrata,</strong></span> <span class='ocrx_word' id='word_1_286' title='bbox 418 3064 450 3116; x_wconf 90' lang='lat' dir='ltr'><strong>ut</strong></span> <span class='ocrx_word' id='word_1_287' title='bbox 473 3055 580 3117; x_wconf 88' lang='lat' dir='ltr'><strong>Cicero</strong></span> <span class='ocrx_word' id='word_1_288' title='bbox 603 3057 753 3131; x_wconf 88' lang='lat' dir='ltr'><strong>habuerit,</strong></span> <span class='ocrx_word' id='word_1_289' title='bbox 786 3058 867 3117; x_wconf 91' lang='lat' dir='ltr'><strong>unde</strong></span> <span class='ocrx_word' id='word_1_290' title='bbox 897 3066 1015 3137; x_wconf 87' lang='lat' dir='ltr'><strong>peteret</strong></span> <span class='ocrx_word' id='word_1_291' title='bbox 1046 3079 1130 3117; x_wconf 90' lang='lat' dir='ltr'><strong>suam</strong></span> <span class='ocrx_word' id='word_1_292' title='bbox 1162 3059 1337 3123; x_wconf 88' lang='lat' dir='ltr'><strong>doctrinam.</strong></span> <span class='ocrx_word' id='word_1_293' title='bbox 1373 3062 1468 3121; x_wconf 87' lang='lat' dir='ltr'><strong>veluti</strong></span> <span class='ocrx_word' id='word_1_294' title='bbox 1494 3062 1532 3123; x_wconf 88' lang='lat' dir='ltr'><strong>de</strong></span> 
     </span>
     <span class='ocr_line' id='line_1_29' title="bbox 181 3160 1529 3242; baseline 0.006 -23"><span class='ocrx_word' id='word_1_295' title='bbox 181 3161 287 3220; x_wconf 88' lang='lat' dir='ltr'><strong>Porcio</strong></span> <span class='ocrx_word' id='word_1_296' title='bbox 310 3161 427 3221; x_wconf 89' lang='lat' dir='ltr'><strong>Licinio</strong></span> <span class='ocrx_word' id='word_1_297' title='bbox 459 3162 539 3242; x_wconf 89' lang='lat' dir='ltr'><strong>apud</strong></span> <span class='ocrx_word' id='word_1_298' title='bbox 572 3160 707 3222; x_wconf 79' lang='lat' dir='ltr'><strong>Gellium</strong></span> <span class='ocrx_word' id='word_1_299' title='bbox 731 3162 807 3222; x_wconf 86' lang='lat' dir='ltr'><strong>baec</strong></span> <span class='ocrx_word' id='word_1_300' title='bbox 830 3163 958 3240; x_wconf 82' lang='lat' dir='ltr'><strong>legimus</strong></span> <span class='ocrx_word' id='word_1_301' title='bbox 980 3163 1075 3223; x_wconf 92' lang='lat' dir='ltr'>XVII</span> <span class='ocrx_word' id='word_1_302' title='bbox 1099 3166 1149 3238; x_wconf 75' lang='lat'><strong>21,</strong></span> <span class='ocrx_word' id='word_1_303' title='bbox 1176 3166 1231 3229; x_wconf 82' lang='lat'><strong>45:</strong></span> <span class='ocrx_word' id='word_1_304' title='bbox 1271 3166 1406 3225; x_wconf 88' lang='lat' dir='ltr'><strong>‘Porcius</strong></span> <span class='ocrx_word' id='word_1_305' title='bbox 1428 3175 1529 3227; x_wconf 87' lang='lat' dir='ltr'><strong>autem</strong></span> 
     </span>
     <span class='ocr_line' id='line_1_30' title="bbox 184 3266 1460 3349; baseline 0.006 -26"><span class='ocrx_word' id='word_1_306' title='bbox 184 3266 319 3325; x_wconf 90' lang='lat' dir='ltr'><strong>Licinius</strong></span> <span class='ocrx_word' id='word_1_307' title='bbox 342 3267 459 3326; x_wconf 89' lang='lat' dir='ltr'><strong>serius</strong></span> <span class='ocrx_word' id='word_1_308' title='bbox 481 3268 661 3348; x_wconf 89' lang='lat' dir='ltr'><strong>poeticam</strong></span> <span class='ocrx_word' id='word_1_309' title='bbox 684 3269 819 3328; x_wconf 88' lang='lat' dir='ltr'><strong>Romae</strong></span> <span class='ocrx_word' id='word_1_310' title='bbox 843 3269 1009 3349; x_wconf 88' lang='lat' dir='ltr'><strong>coepisse</strong></span> <span class='ocrx_word' id='word_1_311' title='bbox 1033 3268 1124 3329; x_wconf 90' lang='lat' dir='ltr'><strong>dicit</strong></span> <span class='ocrx_word' id='word_1_312' title='bbox 1146 3272 1186 3329; x_wconf 90' lang='lat' dir='ltr'><strong>in</strong></span> <span class='ocrx_word' id='word_1_313' title='bbox 1207 3270 1266 3331; x_wconf 91' lang='lat' dir='ltr'><strong>his</strong></span> <span class='ocrx_word' id='word_1_314' title='bbox 1287 3271 1460 3331; x_wconf 87' lang='lat' dir='ltr'><strong>versibus</strong></span> 
     </span>
    </p>
   </div>
   <div class='ocr_carea' id='block_1_3' title="bbox 491 3385 1216 3540">
    <p class='ocr_par' dir='ltr' id='par_1_3' title="bbox 491 3385 1216 3540">
     <span class='ocr_line' id='line_1_31' title="bbox 492 3385 1167 3457; baseline 0.006 -20"><span class='ocrx_word' id='word_1_315' title='bbox 492 3385 609 3439; x_wconf 69' lang='lat' dir='ltr'><strong>Poenico</strong></span> <span class='ocrx_word' id='word_1_316' title='bbox 627 3387 699 3440; x_wconf 81' lang='lat' dir='ltr'><strong>belld</strong></span> <span class='ocrx_word' id='word_1_317' title='bbox 719 3389 837 3440; x_wconf 90' lang='lat' dir='ltr'><strong>secundo</strong></span> <span class='ocrx_word' id='word_1_318' title='bbox 855 3386 933 3439; x_wconf 82' lang='lat' dir='ltr'><strong>Mdsa</strong></span> <span class='ocrx_word' id='word_1_319' title='bbox 950 3389 1062 3454; x_wconf 81' lang='lat' dir='ltr'><strong>pinnatd</strong></span> <span class='ocrx_word' id='word_1_320' title='bbox 1082 3390 1167 3457; x_wconf 89' lang='lat' dir='ltr'><strong>gradu</strong></span> 
     </span>
     <span class='ocr_line' id='line_1_32' title="bbox 491 3473 1216 3540; baseline 0.006 -15"><span class='ocrx_word' id='word_1_321' title='bbox 491 3473 580 3527; x_wconf 85' lang='lat' dir='ltr'><strong>intulit</strong></span> <span class='ocrx_word' id='word_1_322' title='bbox 597 3492 626 3526; x_wconf 92' lang='lat' dir='ltr'><strong>se</strong></span> <span class='ocrx_word' id='word_1_323' title='bbox 644 3473 798 3527; x_wconf 69' lang='lat' dir='ltr'><strong>bellicosam</strong></span> <span class='ocrx_word' id='word_1_324' title='bbox 816 3477 845 3527; x_wconf 89' lang='lat' dir='ltr'><strong>in</strong></span> <span class='ocrx_word' id='word_1_325' title='bbox 863 3476 970 3527; x_wconf 81' lang='lat' dir='ltr'><strong>Rdmuli</strong></span> <span class='ocrx_word' id='word_1_326' title='bbox 989 3475 1097 3540; x_wconf 76' lang='lat' dir='ltr'><strong>gentbm</strong></span> <span class='ocrx_word' id='word_1_327' title='bbox 1115 3478 1216 3529; x_wconf 83' lang='lat' dir='ltr'><strong>feram’.</strong></span> 
     </span>
    </p>
   </div>
   <div class='ocr_carea' id='block_1_4' title="bbox 180 3581 1533 4083">
    <p class='ocr_par' dir='ltr' id='par_1_4' title="bbox 180 3581 1533 4083">
     <span class='ocr_line' id='line_1_33' title="bbox 180 3581 1531 3665; baseline 0.004 -26"><span class='ocrx_word' id='word_1_328' title='bbox 180 3581 313 3639; x_wconf 82' lang='lat' dir='ltr'><strong>Ennium</strong></span> <span class='ocrx_word' id='word_1_329' title='bbox 335 3590 434 3642; x_wconf 87' lang='lat' dir='ltr'><strong>autem</strong></span> <span class='ocrx_word' id='word_1_330' title='bbox 457 3604 517 3643; x_wconf 90' lang='lat' dir='ltr'><strong>uno</strong></span> <span class='ocrx_word' id='word_1_331' title='bbox 542 3604 620 3644; x_wconf 91' lang='lat' dir='ltr'><strong>anno</strong></span> <span class='ocrx_word' id='word_1_332' title='bbox 642 3592 712 3664; x_wconf 89' lang='lat' dir='ltr'><strong>post</strong></span> <span class='ocrx_word' id='word_1_333' title='bbox 735 3605 824 3664; x_wconf 88' lang='lat' dir='ltr'><strong>quam</strong></span> <span class='ocrx_word' id='word_1_334' title='bbox 847 3584 953 3644; x_wconf 87' lang='lat' dir='ltr'><strong>Livius</strong></span> <span class='ocrx_word' id='word_1_335' title='bbox 976 3585 1102 3664; x_wconf 88' lang='lat' dir='ltr'><strong>primam</strong></span> <span class='ocrx_word' id='word_1_336' title='bbox 1127 3586 1260 3645; x_wconf 86' lang='lat' dir='ltr'><strong>fabulam</strong></span> <span class='ocrx_word' id='word_1_337' title='bbox 1284 3586 1403 3665; x_wconf 88' lang='lat' dir='ltr'><strong>egisset,</strong></span> <span class='ocrx_word' id='word_1_338' title='bbox 1428 3595 1531 3645; x_wconf 89' lang='lat' dir='ltr'><strong>natum</strong></span> 
     </span>
     <span class='ocr_line' id='line_1_34' title="bbox 182 3677 1533 3772; baseline 0.006 -28"><span class='ocrx_word' id='word_1_339' title='bbox 182 3706 258 3759; x_wconf 85' lang='lat' dir='ltr'><strong>csse,</strong></span> <span class='ocrx_word' id='word_1_340' title='bbox 282 3685 315 3745; x_wconf 92' lang='lat' dir='ltr'><strong>id</strong></span> <span class='ocrx_word' id='word_1_341' title='bbox 337 3686 417 3768; x_wconf 91' lang='lat' dir='ltr'><strong>quod</strong></span> <span class='ocrx_word' id='word_1_342' title='bbox 442 3688 547 3748; x_wconf 92' lang='lat' dir='ltr'><strong>Cicero</strong></span> <span class='ocrx_word' id='word_1_343' title='bbox 569 3690 644 3749; x_wconf 90' lang='lat' dir='ltr'><strong>locis</strong></span> <span class='ocrx_word' id='word_1_344' title='bbox 668 3677 729 3748; x_wconf 90' lang='lat' dir='ltr'><strong>illis</strong></span> <span class='ocrx_word' id='word_1_345' title='bbox 752 3688 925 3748; x_wconf 90' lang='lat' dir='ltr'><strong>addendum</strong></span> <span class='ocrx_word' id='word_1_346' title='bbox 950 3709 1015 3750; x_wconf 86' lang='lat' dir='ltr'><strong>esse</strong></span> <span class='ocrx_word' id='word_1_347' title='bbox 1036 3692 1165 3770; x_wconf 88' lang='lat' dir='ltr'><strong>putavit,</strong></span> <span class='ocrx_word' id='word_1_348' title='bbox 1196 3691 1294 3751; x_wconf 88' lang='lat' dir='ltr'><strong>Varro</strong></span> <span class='ocrx_word' id='word_1_349' title='bbox 1317 3693 1348 3749; x_wconf 90' lang='lat' dir='ltr'><strong>in</strong></span> <span class='ocrx_word' id='word_1_350' title='bbox 1371 3692 1470 3772; x_wconf 90' lang='lat' dir='ltr'><strong>primo</strong></span> <span class='ocrx_word' id='word_1_351' title='bbox 1495 3692 1533 3752; x_wconf 89' lang='lat' dir='ltr'><strong>de</strong></span> 
     </span>
     <span class='ocr_line' id='line_1_35' title="bbox 180 3789 1533 3876; baseline 0.003 -25"><span class='ocrx_word' id='word_1_352' title='bbox 180 3792 277 3871; x_wconf 90' lang='lat' dir='ltr'><strong>poetis</strong></span> <span class='ocrx_word' id='word_1_353' title='bbox 300 3792 378 3851; x_wconf 88' lang='lat' dir='ltr'><strong>libro</strong></span> <span class='ocrx_word' id='word_1_354' title='bbox 400 3794 520 3873; x_wconf 86' lang='lat' dir='ltr'><strong>scripsit</strong></span> <span class='ocrx_word' id='word_1_355' title='bbox 543 3789 638 3876; x_wconf 83' lang='lat' dir='ltr'><strong>(Geli.</strong></span> <span class='ocrx_word' id='word_1_356' title='bbox 662 3793 757 3854; x_wconf 88' lang='lat' dir='ltr'>XVII</span> <span class='ocrx_word' id='word_1_357' title='bbox 781 3797 832 3868; x_wconf 79' lang='lat'><strong>21,</strong></span> <span class='ocrx_word' id='word_1_358' title='bbox 857 3796 922 3875; x_wconf 85' lang='grc'><strong><em>43).</em></strong></span> <span class='ocrx_word' id='word_1_359' title='bbox 948 3793 1079 3874; x_wconf 90' lang='lat' dir='ltr'><strong>denique</strong></span> <span class='ocrx_word' id='word_1_360' title='bbox 1102 3793 1207 3856; x_wconf 88' lang='lat' dir='ltr'><strong>Cicero</strong></span> <span class='ocrx_word' id='word_1_361' title='bbox 1231 3797 1262 3854; x_wconf 91' lang='lat' dir='ltr'><strong>in</strong></span> <span class='ocrx_word' id='word_1_362' title='bbox 1285 3795 1372 3870; x_wconf 88' lang='lat' dir='ltr'><strong>libro,</strong></span> <span class='ocrx_word' id='word_1_363' title='bbox 1412 3796 1463 3875; x_wconf 91' lang='lat' dir='ltr'><strong>qui</strong></span> <span class='ocrx_word' id='word_1_364' title='bbox 1488 3804 1533 3857; x_wconf 88' lang='lat' dir='ltr'><strong>cst</strong></span> 
     </span>
     <span class='ocr_line' id='line_1_36' title="bbox 182 3896 1531 3973; baseline 0.004 -18"><span class='ocrx_word' id='word_1_365' title='bbox 182 3896 219 3955; x_wconf 89' lang='lat' dir='ltr'><strong>de</strong></span> <span class='ocrx_word' id='word_1_366' title='bbox 242 3905 406 3971; x_wconf 88' lang='lat' dir='ltr'><strong>senectute,</strong></span> <span class='ocrx_word' id='word_1_367' title='bbox 431 3896 586 3973; x_wconf 88' lang='lat' dir='ltr'><strong>Catonem,</strong></span> <span class='ocrx_word' id='word_1_368' title='bbox 617 3898 669 3958; x_wconf 93' lang='lat' dir='ltr'><strong>ubi</strong></span> <span class='ocrx_word' id='word_1_369' title='bbox 699 3920 766 3959; x_wconf 91' lang='lat' dir='ltr'><strong>eum</strong></span> <span class='ocrx_word' id='word_1_370' title='bbox 799 3899 1054 3959; x_wconf 89' lang='lat' dir='ltr'><strong>demonstrantem</strong></span> <span class='ocrx_word' id='word_1_371' title='bbox 1086 3900 1158 3959; x_wconf 86' lang='lat' dir='ltr'><strong>facit</strong></span> <span class='ocrx_word' id='word_1_372' title='bbox 1190 3909 1375 3961; x_wconf 90' lang='lat' dir='ltr'><strong>senectutem</strong></span> <span class='ocrx_word' id='word_1_373' title='bbox 1410 3902 1531 3960; x_wconf 92' lang='lat' dir='ltr'><strong>minime</strong></span> 
     </span>
     <span class='ocr_line' id='line_1_37' title="bbox 180 3992 1530 4083; baseline 0.004 -24"><span class='ocrx_word' id='word_1_374' title='bbox 180 3999 335 4080; x_wconf 87' lang='lat' dir='ltr'><strong>impedire,</strong></span> <span class='ocrx_word' id='word_1_375' title='bbox 367 3992 526 4082; x_wconf 85' lang='lat' dir='ltr'><strong>quominus</strong></span> <span class='ocrx_word' id='word_1_376' title='bbox 549 4002 683 4063; x_wconf 87' lang='lat' dir='ltr'><strong>homines</strong></span> <span class='ocrx_word' id='word_1_377' title='bbox 716 4024 748 4064; x_wconf 90' lang='lat' dir='ltr'><strong>se</strong></span> <span class='ocrx_word' id='word_1_378' title='bbox 779 4004 892 4063; x_wconf 91' lang='lat' dir='ltr'><strong>dedant</strong></span> <span class='ocrx_word' id='word_1_379' title='bbox 925 3992 1091 4063; x_wconf 87' lang='lat' dir='ltr'><strong>litterarum</strong></span> <span class='ocrx_word' id='word_1_380' title='bbox 1122 4003 1240 4083; x_wconf 84' lang='lat' dir='ltr'><strong>studiis,</strong></span> <span class='ocrx_word' id='word_1_381' title='bbox 1273 4006 1317 4063; x_wconf 92' lang='lat' dir='ltr'><strong>sic</strong></span> <span class='ocrx_word' id='word_1_382' title='bbox 1350 4004 1467 4064; x_wconf 89' lang='lat' dir='ltr'><strong>inducit</strong></span> <span class='ocrx_word' id='word_1_383' title='bbox 1488 4007 1530 4064; x_wconf 92' lang='lat' dir='ltr'><strong>lo-</strong></span> 
     </span>
    </p>
   </div>
   <div class='ocr_carea' id='block_1_5' title="bbox 180 4163 1530 4501">
    <p class='ocr_par' dir='ltr' id='par_1_5' title="bbox 180 4163 1530 4501">
     <span class='ocr_line' id='line_1_38' title="bbox 287 4163 1530 4244; baseline 0.002 -19"><span class='ocrx_word' id='word_1_384' title='bbox 287 4174 306 4240; x_wconf 94' lang='lat'><strong>¹)</strong></span> <span class='ocrx_word' id='word_1_385' title='bbox 325 4176 367 4225; x_wconf 89' lang='lat' dir='ltr'><strong>Dc</strong></span> <span class='ocrx_word' id='word_1_386' title='bbox 384 4174 432 4223; x_wconf 91' lang='lat' dir='ltr'><strong>illo</strong></span> <span class='ocrx_word' id='word_1_387' title='bbox 456 4174 532 4225; x_wconf 79' lang='lat' dir='ltr'><strong>Accii</strong></span> <span class='ocrx_word' id='word_1_388' title='bbox 556 4190 655 4239; x_wconf 86' lang='lat' dir='ltr'><strong>errore,</strong></span> <span class='ocrx_word' id='word_1_389' title='bbox 678 4190 757 4239; x_wconf 91' lang='lat' dir='ltr'><strong>quem</strong></span> <span class='ocrx_word' id='word_1_390' title='bbox 783 4176 842 4225; x_wconf 90' lang='lat' dir='ltr'><strong>iure</strong></span> <span class='ocrx_word' id='word_1_391' title='bbox 867 4176 973 4225; x_wconf 88' lang='lat' dir='ltr'><strong>notavit</strong></span> <span class='ocrx_word' id='word_1_392' title='bbox 997 4174 1101 4237; x_wconf 86' lang='lat' dir='ltr'><strong>Cicero,</strong></span> <span class='ocrx_word' id='word_1_393' title='bbox 1130 4174 1162 4225; x_wconf 84' lang='lat' dir='ltr'><strong>of.</strong></span> <span class='ocrx_word' id='word_1_394' title='bbox 1187 4174 1302 4230; x_wconf 86' lang='lat' dir='ltr'><strong>Pideriti</strong></span> <span class='ocrx_word' id='word_1_395' title='bbox 1325 4163 1437 4241; x_wconf 62' lang='lat' dir='ltr'><strong>indicna</strong></span> <span class='ocrx_word' id='word_1_396' title='bbox 1465 4193 1530 4244; x_wconf 89' lang='lat' dir='ltr'><strong>quos</strong></span> 
     </span>
     <span class='ocr_line' id='line_1_39' title="bbox 180 4261 1525 4334; baseline 0.004 -24"><span class='ocrx_word' id='word_1_397' title='bbox 180 4261 264 4312; x_wconf 89' lang='lat' dir='ltr'><strong>Bruto</strong></span> <span class='ocrx_word' id='word_1_398' title='bbox 276 4262 414 4334; x_wconf 67' lang='lat' dir='ltr'><strong>adiunxit,</strong></span> <span class='ocrx_word' id='word_1_399' title='bbox 433 4278 459 4326; x_wconf 86' lang='lat' dir='ltr'><strong>p.</strong></span> <span class='ocrx_word' id='word_1_400' title='bbox 478 4263 539 4325; x_wconf 78' lang='lat'>254,</span> <span class='ocrx_word' id='word_1_401' title='bbox 558 4262 591 4312; x_wconf 89' lang='lat' dir='ltr'><strong>de</strong></span> <span class='ocrx_word' id='word_1_402' title='bbox 611 4268 667 4312; x_wconf 86' lang='lat' dir='ltr'><strong>tota</strong></span> <span class='ocrx_word' id='word_1_403' title='bbox 680 4263 819 4313; x_wconf 81' lang='lat' dir='ltr'><strong>Ciceronis</strong></span> <span class='ocrx_word' id='word_1_404' title='bbox 839 4262 1045 4312; x_wconf 88' lang='lat' dir='ltr'><strong>ratiocinatione</strong></span> <span class='ocrx_word' id='word_1_405' title='bbox 1064 4261 1205 4313; x_wconf 85' lang='lat' dir='ltr'><strong>Ritschelii</strong></span> <span class='ocrx_word' id='word_1_406' title='bbox 1222 4262 1361 4328; x_wconf 86' lang='lat' dir='ltr'><strong>Parergon</strong></span> <span class='ocrx_word' id='word_1_407' title='bbox 1379 4280 1404 4328; x_wconf 88' lang='lat' dir='ltr'><strong>p.</strong></span> <span class='ocrx_word' id='word_1_408' title='bbox 1423 4267 1458 4315; x_wconf 66' lang='lat'><strong>54</strong></span> <span class='ocrx_word' id='word_1_409' title='bbox 1470 4282 1525 4331; x_wconf 90' lang='lat' dir='ltr'><strong>sqq.</strong></span> 
     </span>
     <span class='ocr_line' id='line_1_40' title="bbox 180 4346 1528 4417; baseline 0.004 -21"><span class='ocrx_word' id='word_1_410' title='bbox 180 4350 225 4413; x_wconf 84' lang='lat' dir='ltr'><strong>qui</strong></span> <span class='ocrx_word' id='word_1_411' title='bbox 245 4355 348 4399; x_wconf 84' lang='lat' dir='ltr'><strong>eeteros</strong></span> <span class='ocrx_word' id='word_1_412' title='bbox 367 4364 473 4414; x_wconf 90' lang='lat' dir='ltr'><strong>quoque</strong></span> <span class='ocrx_word' id='word_1_413' title='bbox 491 4349 564 4400; x_wconf 89' lang='lat' dir='ltr'><strong>illius</strong></span> <span class='ocrx_word' id='word_1_414' title='bbox 584 4348 702 4400; x_wconf 88' lang='lat' dir='ltr'><strong>calculos</strong></span> <span class='ocrx_word' id='word_1_415' title='bbox 721 4349 756 4399; x_wconf 88' lang='lat' dir='ltr'><strong>ad</strong></span> <span class='ocrx_word' id='word_1_416' title='bbox 775 4354 879 4399; x_wconf 88' lang='lat' dir='ltr'><strong>aetates</strong></span> <span class='ocrx_word' id='word_1_417' title='bbox 899 4346 1064 4398; x_wconf 82' lang='lat' dir='ltr'><strong>definiendas</strong></span> <span class='ocrx_word' id='word_1_418' title='bbox 1085 4353 1238 4414; x_wconf 85' lang='lat' dir='ltr'><strong>spectantes</strong></span> <span class='ocrx_word' id='word_1_419' title='bbox 1258 4350 1464 4417; x_wconf 84' lang='lat' dir='ltr'><strong>diligentissime</strong></span> <span class='ocrx_word' id='word_1_420' title='bbox 1482 4368 1528 4402; x_wconf 87' lang='lat' dir='ltr'><strong>ex-</strong></span> 
     </span>
     <span class='ocr_line' id='line_1_41' title="bbox 181 4436 481 4501; baseline 0.013 -18"><span class='ocrx_word' id='word_1_421' title='bbox 181 4436 310 4486; x_wconf 89' lang='lat' dir='ltr'><strong>aminavit</strong></span> <span class='ocrx_word' id='word_1_422' title='bbox 327 4453 353 4501; x_wconf 89' lang='lat' dir='ltr'><strong>p.</strong></span> <span class='ocrx_word' id='word_1_423' title='bbox 372 4437 405 4485; x_wconf 76' lang='lat'><strong>47</strong></span> <span class='ocrx_word' id='word_1_424' title='bbox 425 4452 481 4501; x_wconf 82' lang='lat' dir='ltr'><strong>sqq.</strong></span> 
     </span>
    </p>
   </div>
   <div class='ocr_carea' id='block_1_6' title="bbox 0 0 1654 5059">
    <p class='ocr_par' dir='ltr' id='par_1_6' title="bbox 0 0 1654 5059">
     <span class='ocr_line' id='line_1_42' title="bbox 0 0 1654 5059; baseline 0 0"><span class='ocrx_word' id='word_1_425' title='bbox 0 0 1654 5059; x_wconf 95' lang='lat' dir='ltr'><strong> </strong></span> 
     </span>
    </p>
   </div>
  </div>
 </body>
</html>
