3300 5059
183 155 245 213 254

183 366 273 428 qnam
297 366 396 425 neque
420 345 458 405 ad
481 366 569 405 nsum
592 345 762 405 redundare
776 353 909 426 putaret.
933 348 975 404 ita
997 346 1111 405 factum
1135 355 1188 418 est,
1213 344 1299 404 utin
1323 345 1386 404 eius
1409 345 1530 424 scriptis

182 473 222 513 ne
244 471 338 512 unum
360 452 483 531 quidem
506 451 641 530 legamus
664 451 848 511 versiculum
869 450 1042 513 Liuianum.

283 557 386 637 Atque
410 555 535 617 eaedem
557 557 621 616 fere
644 565 715 616 sunt
737 576 855 630 causae,
881 576 920 615 ex
942 555 1051 636 quibus
1067 553 1244 615 Ciceronem
1266 555 1297 613 in
1315 552 1377 614 Cn.
1393 552 1528 613 Naevii

183 663 316 721 carmina
339 682 400 721 non
423 664 537 721 maiora
568 654 752 742 impendisse
778 660 879 721 studia
901 669 1067 721 statuamus
1098 679 1223 720 neccsse
1257 668 1311 721 est.
1347 678 1531 739 quamquam

182 768 263 827 enim
286 766 323 826 de
346 787 390 828 or.
414 766 465 826 III
490 770 541 845 12,
567 768 607 826 45
631 768 837 846 incorruptam
860 766 1006 826 sermonis
1029 765 1183 827 Naeviani
1206 764 1420 845 antiquitatem
1444 784 1532 844 prae·

182 871 263 931 dicat
287 870 370 931 etde
393 872 473 951 legg.
490 873 525 931 H
549 874 600 945 15,
625 873 665 931 39
682 873 876 931 severitatem
892 870 1063 945 iucundam,
1088 890 1149 950 qua
1170 870 1285 929 fuerint
1308 869 1389 929 modi
1406 870 1531 959 Liviapi

183 984 213 1035 et
245 976 406 1050 Naeviani,
440 977 565 1056 opponit
602 995 675 1035 suae
706 976 814 1036 aetatis
851 975 947 1037 modis
981 984 1134 1051 tamquam
1172 974 1387 1048 exultantibus,
1427 982 1530 1034 tamen

182 1080 264 1140 illius
287 1082 422 1139 carmina
443 1080 525 1139 haud
547 1082 591 1140 ita
614 1081 715 1160 magni
738 1080 860 1140 videtur
884 1081 1068 1155 aestimasse,
1091 1088 1197 1160 utpote
1213 1098 1291 1158 quae
1314 1079 1412 1139 minus
1429 1088 1530 1139 essent

182 1185 343 1267 perpolita.
373 1205 505 1265 namque
527 1186 612 1245 Brut.
639 1189 688 1265 19,
725 1188 765 1246 75
789 1186 920 1266 priscam
942 1186 1027 1245 illam
1059 1186 1252 1245 severitatem
1275 1184 1530 1264 asperitatemque

184 1281 335 1371 quandam
357 1291 521 1370 respiciens
555 1290 654 1350 simile
685 1289 723 1350 de
754 1290 835 1351 bello
867 1291 982 1350 Punico
1016 1291 1131 1369 profert
1162 1310 1197 1349 ac
1230 1289 1269 1349 de
1290 1289 1373 1348 Livii
1396 1286 1531 1369 Odyssia

183 1392 341 1454 iudicium:
367 1401 479 1454 ‘tamen
502 1395 612 1480 Naevii
639 1394 721 1455 illius
744 1442 752 1457 .
777 1439 784 1453 .
806 1438 813 1455 .
839 1440 846 1454 .
870 1394 983 1454 bellum
1007 1395 1153 1455 Punicum
1177 1394 1263 1473 quasi
1285 1394 1420 1473 Myronis
1444 1413 1518 1473 opus

184 1496 334 1559 delectat!
368 1520 429 1579 qua
458 1500 490 1559 in
520 1519 554 1559 re
585 1507 666 1559 certe
696 1500 860 1559 rectissime
891 1498 1043 1559 iudicavit.
1069 1506 1180 1559 etenim
1212 1499 1249 1559 de
1289 1500 1418 1579 Myrone
1455 1498 1532 1558 haec

185 1603 311 1682 legimus
344 1604 425 1684 apud
448 1606 582 1664 Plinium
612 1605 653 1665 N.
677 1604 717 1663 H.
749 1604 915 1663 XXXIIll
938 1606 968 1679 8,
995 1606 1048 1663 19:
1079 1603 1202 1685 ‘primns
1234 1604 1283 1665 hio
1314 1603 1530 1683 multiplicasse

183 1710 340 1769 veritatem
364 1709 494 1783 videtur,
528 1709 714 1769 numerosior
735 1708 768 1768 in
800 1718 865 1769 arte
898 1730 989 1790 quam
1011 1710 1190 1789 Polycletus
1223 1717 1252 1770 et
1284 1709 1316 1768 in
1340 1709 1531 1789 symmetrica
1630 1682 1632 1705 ι

187 1813 370 1894 diligentior,
395 1824 425 1874 ct
448 1816 513 1894 ipse
530 1824 630 1874 tamen
647 1834 804 1894 corporum
828 1823 916 1874 tenus
941 1815 1074 1875 curiosus
1091 1814 1184 1874 animi
1207 1832 1312 1874 sensus
1328 1834 1389 1873 non
1412 1832 1530 1894 expres·

182 1920 266 1995 sisse,
283 1920 427 2000 capillum
446 1940 567 2000 quoque
583 1929 613 1980 et
628 1919 740 1999 pubem
756 1940 815 1978 non
833 1918 1021 1979 emendatius
1037 1919 1143 1979 fecisse
1160 1939 1251 1999 quam
1266 1918 1349 1979 rudis
1366 1919 1531 1998 antiquitas

182 2024 382 2084 instituisset)
407 2022 583 2084 Ciceronem
604 2025 697 2103 igitur
720 2045 780 2083 non
802 2026 922 2102 fugerat
953 2024 1104 2085 Naevium
1137 2032 1170 2083 ut
1192 2024 1353 2103 Myronem
1376 2024 1449 2083 satis
1471 2024 1532 2083 iam
1631 2082 1632 2089 ,

183 2128 356 2207 profecisse,
380 2129 423 2187 ita
445 2137 478 2188 ut
500 2148 598 2208 paene
621 2129 749 2209 pulchra
771 2130 835 2188 eius
859 2149 951 2208 opera
974 2129 1033 2189 dici
1055 2136 1180 2210 possent
1204 2125 1256 2210 (ef.
1274 2129 1357 2188 Brut.
1383 2130 1433 2202 18,
1458 2124 1526 2211 70),

183 2253 283 2312 neque
313 2240 417 2292 tamen
451 2235 573 2313 singula
606 2235 787 2314 perfectiore
822 2234 891 2293 arte¹
923 2235 1077 2294 limavisse
1109 2233 1161 2292 vel
1197 2233 1410 2314 perpolivisse.
1448 2233 1532 2293 velut

184 2338 353 2399 dictionem·
369 2340 443 2398 satis
465 2340 558 2398 fuisse
575 2337 681 2397 duram
704 2347 734 2399 et
757 2338 882 2419 linguae
898 2340 1025 2399 Latinae
1047 2339 1284 2420 proprietatibus
1306 2340 1405 2399 minus
1429 2346 1531 2419 aptam
1629 2382 1630 2385 η

183 2442 342 2504 ostendunt
365 2464 401 2504 ea
429 2436 514 2523 quac
543 2441 764 2525 legunturaOr.
799 2446 852 2518 45,
879 2444 950 2504 152.
985 2443 1119 2523 loquitur
1154 2445 1234 2503 enim
1258 2462 1293 2505 eo
1321 2444 1388 2505 loco
1411 2444 1532 2503 Tullius

183 2548 220 2609 de
243 2550 438 2610 concursione
460 2550 623 2620 vocalium,
655 2569 733 2629 quae
756 2569 829 2607 num
851 2548 882 2607 in
906 2567 1043 2608 sermone
1066 2548 1175 2609 Latino
1207 2548 1326 2608 admitti
1360 2550 1455 2630 possit
1486 2550 1530 2607 in-

183 2656 284 2735 quirit.
310 2664 402 2735 atque
425 2674 492 2713 curn
519 2674 612 2734 snpra
634 2652 760 2713 dixisset
788 2654 947 2713 ‘neminem
969 2661 1032 2713 tam
1055 2655 1199 2713 rusticum
1229 2674 1304 2729 esse,
1333 2656 1386 2737 qui
1408 2654 1529 2715 vocales

181 2760 257 2820 nolit
293 2755 495 2838 coniungere',
533 2760 576 2817 sic
612 2760 729 2838 pergit:
762 2758 911 2819 ‘indicant
947 2758 1098 2819 orationes
1124 2760 1200 2819 illae
1236 2761 1323 2840 ipsae
1354 2758 1530 2819 horridulae

183 2863 315 2938 Catonis,
339 2864 475 2924 indicant
497 2883 600 2924 omnes
624 2872 732 2944 poetae
754 2873 876 2944 praeter
904 2884 954 2925 eos
978 2864 1040 2944 qni,
1065 2872 1098 2923 ut
1120 2884 1240 2925 versum
1264 2865 1408 2938 facerent,
1438 2884 1531 2943 saepe

181 2969 316 3042 hiabant,
341 2977 374 3030 ut
390 2966 547 3029 Naevius’
572 2968 656 3028 cuius
679 2971 724 3029 roi
746 2969 806 3028 duo
830 2968 929 3029 adfert
952 2988 991 3030 ex
1006 2968 1125 3030 Naevio
1149 2970 1299 3049 exempla.
1320 2968 1407 3049 quod
1429 2978 1532 3028 tamen

182 3095 241 3133 non
267 3075 309 3133 ita
333 3082 378 3134 est
409 3073 629 3153 accipiendum,
664 3082 698 3133 ut
721 3073 898 3134 Ciceronem
930 3083 1071 3155 putemus
1104 3083 1257 3135 versatum
1288 3075 1381 3133 fuisse
1417 3075 1448 3133 in
1473 3072 1531 3134 Cn.

182 3179 292 3239 Naevii
325 3178 489 3238 carminum
517 3178 764 3259 proprietatibus,
798 3199 866 3238 curn
889 3179 1012 3253 iudicia,
1038 3198 1116 3258 quae
1149 3179 1459 3253 commemoravimus,
1494 3199 1533 3238 ex

182 3285 371 3361 grammatici
394 3284 519 3343 alicuius
542 3284 619 3344 libro
635 3294 738 3364 petere
760 3286 909 3363 potuerit;
934 3285 1024 3343 immo
1045 3284 1227 3344 contendere
1249 3305 1310 3344 non
1327 3304 1434 3345 vereor
1456 3284 1534 3345 haec

182 3390 316 3447 carmina
339 3409 398 3447 non
421 3391 528 3449 maiori
552 3390 580 3449 ei
603 3391 695 3450 fnisse
711 3409 801 3449 curae
824 3409 915 3468 quam
938 3388 1077 3462 Liviana,
1103 3392 1217 3471 quippe
1242 3390 1295 3470 qui
1310 3389 1389 3449 banc
1411 3398 1533 3450 secutus
1629 3380 1630 3399 ³

184 3502 262 3553 esset
283 3495 477 3553 sententiam:
504 3496 650 3573 ‘quamvis
673 3495 755 3554 enim
776 3513 885 3552 suaves
908 3513 1058 3573 gravcsve
1081 3496 1260 3569 sententiae,
1285 3503 1400 3566 tamen,
1433 3496 1459 3555 si
1483 3497 1533 3554 in·

184 3598 343 3658 conditis
365 3598 490 3659 verbis
503 3599 676 3673 efferuntur,
693 3598 893 3658 offendunt
916 3619 1039 3674 aures,
1057 3620 1185 3680 quarum
1200 3608 1246 3659 cst
1260 3599 1405 3659 iudicium
1428 3620 1534 3680 super·
1566 3612 1569 3621 '

183 3703 347 3763 bissimum'
371 3702 435 3778 (Or.
453 3707 504 3777 44,
525 3700 611 3784 150).
629 3724 811 3784 quamquam
828 3723 867 3762 ex
883 3704 994 3764 Naevii
1012 3705 1175 3784 tragoediis
1199 3701 1249 3786 (cf.
1266 3703 1356 3765 Ribb.
1373 3705 1426 3762 Tr.
1444 3705 1534 3763 Rom.

183 3809 218 3871 fr.
235 3829 265 3889 p.
284 3810 301 3867 6
319 3829 396 3890 sqq,
420 3810 525 3872 Roem.
549 3809 642 3886 Trag.
667 3829 697 3887 p.
721 3809 763 3867 44
788 3814 867 3889 sqq.)
890 3829 951 3869 una
974 3810 1109 3870 alterave
1133 3810 1224 3868 etiam
1248 3806 1404 3868 Ciceronis
1427 3817 1531 3869 aetate

183 3912 304 3972 videtur
328 3922 396 3973 acta
412 3933 478 3973 esse
502 3921 532 3972 et
548 3912 731 3992 temporibus
746 3913 976 3993 insequentibus
985 3912 1019 3997 ¹).
1045 3913 1082 3974 de
1105 3914 1206 3993 Equo
1223 3913 1385 3972 Troiano
1410 3912 1535 3992 quidem

184 4017 214 4075 id
240 4014 366 4079 constat.
391 4016 495 4077 scribit
518 4016 597 4075 enim
621 4015 726 4077 Cicero
752 4016 873 4099 stesso
901 4018 937 4077 ad
962 4020 1001 4080 M.
1026 4020 1163 4092 Marium,
1192 4036 1319 4098 quocum
1342 4016 1536 4078 familiariter

183 4121 316 4197 vivebat,
341 4120 379 4182 de
402 4122 482 4181 ludis
506 4122 652 4181 scaenicis
668 4142 687 4180 a
709 4123 855 4203 Pompeio
870 4124 979 4183 iterum
1004 4123 1126 4183 consule
1143 4122 1240 4195 editis,
1266 4142 1341 4202 quos
1364 4104 1535 4202 spectatum

184 4228 295 4287 Marius
320 4226 400 4306 quod
430 4247 499 4286 rure
530 4247 591 4286 non
614 4228 732 4287 venerit
766 4227 842 4287 nibil
866 4248 932 4289 esse
955 4228 1128 4290 dolendum.
1156 4247 1288 4307 namque
1312 4226 1468 4306 Aesopum
1502 4230 1534 4288 in

289 4436 308 4499 ¹)
327 4436 393 4486 Hor.
413 4437 479 4501 Epp.
501 4436 528 4485 11
548 4439 571 4499 1,
590 4439 631 4486 53.
654 4436 694 4484 50.
