<?xml version="1.0" encoding="UTF-8"?>
<!DOCTYPE html PUBLIC "-//W3C//DTD XHTML 1.0 Transitional//EN"
    "http://www.w3.org/TR/xhtml1/DTD/xhtml1-transitional.dtd">
<html xmlns="http://www.w3.org/1999/xhtml" xml:lang="en" lang="en">
 <head>
  <title>
</title>
<meta http-equiv="Content-Type" content="text/html;charset=utf-8" />
  <meta name='ocr-system' content='tesseract 3.04.00' />
  <meta name='ocr-capabilities' content='ocr_page ocr_carea ocr_par ocr_line ocrx_word'/>
</head>
<body>
  <div class='ocr_page' id='page_1' title='image "./dissertationesp07wiengoog_0257.png"; bbox 0 0 3300 5059; ppageno 0'>
   <div class='ocr_carea' id='block_1_1' title="bbox 171 219 234 279">
    <p class='ocr_par' dir='ltr' id='par_1_1' title="bbox 171 219 234 279">
     <span class='ocr_line' id='line_1_1' title="bbox 171 219 234 279; baseline -0.095 0"><span class='ocrx_word' id='word_1_1' title='bbox 171 219 234 279; x_wconf 73' lang='lat'><strong>244</strong></span> 
     </span>
    </p>
   </div>
   <div class='ocr_carea' id='block_1_2' title="bbox 168 403 1523 697">
    <p class='ocr_par' dir='ltr' id='par_1_2' title="bbox 168 403 1523 697">
     <span class='ocr_line' id='line_1_2' title="bbox 168 403 1522 488; baseline 0 -23"><span class='ocrx_word' id='word_1_2' title='bbox 168 404 299 466; x_wconf 75' lang='lat' dir='ltr'><strong>adferte</strong></span> <span class='ocrx_word' id='word_1_3' title='bbox 314 403 469 467; x_wconf 74' lang='lat' dir='ltr'><strong>Ciceronis</strong></span> <span class='ocrx_word' id='word_1_4' title='bbox 485 406 585 486; x_wconf 89' lang='lat' dir='ltr'><strong>elegia</strong></span> <span class='ocrx_word' id='word_1_5' title='bbox 607 405 747 487; x_wconf 89' lang='lat' dir='ltr'><strong>quadam,</strong></span> <span class='ocrx_word' id='word_1_6' title='bbox 772 408 858 467; x_wconf 86' lang='lat' dir='ltr'><strong>cuius</strong></span> <span class='ocrx_word' id='word_1_7' title='bbox 873 427 983 468; x_wconf 90' lang='lat' dir='ltr'><strong>nomen</strong></span> <span class='ocrx_word' id='word_1_8' title='bbox 999 407 1164 467; x_wconf 76' lang='lat' dir='ltr'><strong>insanabili</strong></span> <span class='ocrx_word' id='word_1_9' title='bbox 1181 407 1357 488; x_wconf 76' lang='lat' dir='ltr'>corruptela</span> <span class='ocrx_word' id='word_1_10' title='bbox 1382 404 1522 467; x_wconf 87' lang='lat' dir='ltr'><strong>obrutum</strong></span> 
     </span>
     <span class='ocr_line' id='line_1_3' title="bbox 171 512 1523 593; baseline 0.001 -24"><span class='ocrx_word' id='word_1_11' title='bbox 171 519 227 572; x_wconf 93' lang='lat' dir='ltr'><strong>est.</strong></span> <span class='ocrx_word' id='word_1_12' title='bbox 259 530 365 571; x_wconf 84' lang='lat' dir='ltr'><strong>verum</strong></span> <span class='ocrx_word' id='word_1_13' title='bbox 395 519 430 571; x_wconf 89' lang='lat' dir='ltr'><strong>ut</strong></span> <span class='ocrx_word' id='word_1_14' title='bbox 452 512 587 571; x_wconf 84' lang='lat' dir='ltr'><strong>omittam</strong></span> <span class='ocrx_word' id='word_1_15' title='bbox 620 514 741 571; x_wconf 88' lang='lat' dir='ltr'><strong>omnino</strong></span> <span class='ocrx_word' id='word_1_16' title='bbox 769 532 831 572; x_wconf 93' lang='lat' dir='ltr'><strong>non</strong></span> <span class='ocrx_word' id='word_1_17' title='bbox 855 519 1002 587; x_wconf 89' lang='lat' dir='ltr'><strong>constare,</strong></span> <span class='ocrx_word' id='word_1_18' title='bbox 1038 532 1097 593; x_wconf 89' lang='lat' dir='ltr'><strong>quo</strong></span> <span class='ocrx_word' id='word_1_19' title='bbox 1126 521 1262 592; x_wconf 91' lang='lat' dir='ltr'><strong>tempore</strong></span> <span class='ocrx_word' id='word_1_20' title='bbox 1286 513 1419 591; x_wconf 80' lang='lat' dir='ltr'><strong>elegiam</strong></span> <span class='ocrx_word' id='word_1_21' title='bbox 1442 512 1523 571; x_wconf 89' lang='lat' dir='ltr'><strong>illam</strong></span> 
     </span>
     <span class='ocr_line' id='line_1_4' title="bbox 170 616 1523 697; baseline 0 -20"><span class='ocrx_word' id='word_1_22' title='bbox 170 616 372 697; x_wconf 89' lang='lat' dir='ltr'><strong>composuerit</strong></span> <span class='ocrx_word' id='word_1_23' title='bbox 393 616 514 676; x_wconf 82' lang='lat' dir='ltr'><strong>Tullius</strong></span> <span class='ocrx_word' id='word_1_24' title='bbox 547 616 688 697; x_wconf 90' lang='lat' dir='ltr'><strong>quodque</strong></span> <span class='ocrx_word' id='word_1_25' title='bbox 723 618 788 677; x_wconf 90' lang='lat' dir='ltr'><strong>eius</strong></span> <span class='ocrx_word' id='word_1_26' title='bbox 811 626 1020 697; x_wconf 77' lang='lat' dir='ltr'><strong>argumentum</strong></span> <span class='ocrx_word' id='word_1_27' title='bbox 1043 618 1145 692; x_wconf 79' lang='lat' dir='ltr'><strong>fuerit,</strong></span> <span class='ocrx_word' id='word_1_28' title='bbox 1179 626 1258 678; x_wconf 89' lang='lat' dir='ltr'><strong>certe</strong></span> <span class='ocrx_word' id='word_1_29' title='bbox 1281 618 1306 677; x_wconf 93' lang='lat' dir='ltr'><strong>si</strong></span> <span class='ocrx_word' id='word_1_30' title='bbox 1335 616 1412 697; x_wconf 91' lang='lat' dir='ltr'><strong>quid</strong></span> <span class='ocrx_word' id='word_1_31' title='bbox 1443 618 1523 692; x_wconf 84' lang='lat' dir='ltr'><strong>lusit,</strong></span> 
     </span>
    </p>
   </div>
   <div class='ocr_carea' id='block_1_3' title="bbox 54 714 1523 804">
    <p class='ocr_par' dir='ltr' id='par_1_3' title="bbox 54 714 1523 804">
     <span class='ocr_line' id='line_1_5' title="bbox 54 714 1523 804; baseline 0.001 -24"><span class='ocrx_word' id='word_1_32' title='bbox 54 714 68 770; x_wconf 49' lang='lat'><strong>⁸›</strong></span> <span class='ocrx_word' id='word_1_33' title='bbox 170 720 251 802; x_wconf 90' lang='lat' dir='ltr'><strong>quod</strong></span> <span class='ocrx_word' id='word_1_34' title='bbox 274 720 405 782; x_wconf 86' lang='lat' dir='ltr'><strong>conferri</strong></span> <span class='ocrx_word' id='word_1_35' title='bbox 438 728 557 802; x_wconf 87' lang='lat' dir='ltr'><strong>poterat</strong></span> <span class='ocrx_word' id='word_1_36' title='bbox 580 721 710 803; x_wconf 85' lang='lat' dir='ltr'><strong>quodam</strong></span> <span class='ocrx_word' id='word_1_37' title='bbox 741 721 830 783; x_wconf 91' lang='lat' dir='ltr'><strong>modo</strong></span> <span class='ocrx_word' id='word_1_38' title='bbox 864 743 930 783; x_wconf 91' lang='lat' dir='ltr'><strong>cum</strong></span> <span class='ocrx_word' id='word_1_39' title='bbox 965 724 1135 804; x_wconf 86' lang='lat' dir='ltr'><strong>poetarum</strong></span> <span class='ocrx_word' id='word_1_40' title='bbox 1153 742 1300 783; x_wconf 90' lang='lat' dir='ltr'><strong>novorum</strong></span> <span class='ocrx_word' id='word_1_41' title='bbox 1338 722 1523 796; x_wconf 89' lang='lat' dir='ltr'><strong>commentis,</strong></span> 
     </span>
    </p>
   </div>
   <div class='ocr_carea' id='block_1_4' title="bbox 46 826 1524 1854">
    <p class='ocr_par' dir='ltr' id='par_1_4' title="bbox 44 826 1524 1870">
     <span class='ocr_line' id='line_1_6' title="bbox 171 826 1523 909; baseline 0 -23"><span class='ocrx_word' id='word_1_42' title='bbox 171 826 245 887; x_wconf 84' lang='lat' dir='ltr'><strong>lusit</strong></span> <span class='ocrx_word' id='word_1_43' title='bbox 266 834 369 887; x_wconf 87' lang='lat' dir='ltr'><strong>tamen</strong></span> <span class='ocrx_word' id='word_1_44' title='bbox 391 835 511 887; x_wconf 84' lang='lat' dir='ltr'><strong>veteres</strong></span> <span class='ocrx_word' id='word_1_45' title='bbox 543 828 576 885; x_wconf 93' lang='lat' dir='ltr'><strong>in</strong></span> <span class='ocrx_word' id='word_1_46' title='bbox 598 826 655 889; x_wconf 90' lang='lat' dir='ltr'><strong>hac</strong></span> <span class='ocrx_word' id='word_1_47' title='bbox 687 848 721 888; x_wconf 97' lang='lat' dir='ltr'><strong>re</strong></span> <span class='ocrx_word' id='word_1_48' title='bbox 743 828 880 889; x_wconf 88' lang='lat' dir='ltr'><strong>imitatus</strong></span> <span class='ocrx_word' id='word_1_49' title='bbox 902 835 1008 908; x_wconf 90' lang='lat' dir='ltr'><strong>poetas</strong></span> <span class='ocrx_word' id='word_1_50' title='bbox 1038 848 1140 909; x_wconf 89' lang='lat' dir='ltr'><strong>neque</strong></span> <span class='ocrx_word' id='word_1_51' title='bbox 1161 828 1245 889; x_wconf 84' lang='lat' dir='ltr'><strong>lusus</strong></span> <span class='ocrx_word' id='word_1_52' title='bbox 1276 828 1350 888; x_wconf 92' lang='lat' dir='ltr'><strong>illos</strong></span> <span class='ocrx_word' id='word_1_53' title='bbox 1372 847 1427 908; x_wconf 90' lang='lat' dir='ltr'><strong>pro</strong></span> <span class='ocrx_word' id='word_1_54' title='bbox 1463 846 1523 887; x_wconf 88' lang='lat' dir='ltr'><strong>car-</strong></span> 
     </span>
     <span class='ocr_line' id='line_1_7' title="bbox 171 930 1522 1015; baseline 0.001 -25"><span class='ocrx_word' id='word_1_55' title='bbox 171 930 303 991; x_wconf 77' lang='lat' dir='ltr'><strong>minibus</strong></span> <span class='ocrx_word' id='word_1_56' title='bbox 325 930 460 993; x_wconf 90' lang='lat' dir='ltr'><strong>vendere</strong></span> <span class='ocrx_word' id='word_1_57' title='bbox 480 932 579 993; x_wconf 83' lang='lat' dir='ltr'><strong>voluit</strong></span> <span class='ocrx_word' id='word_1_58' title='bbox 610 934 642 992; x_wconf 94' lang='lat' dir='ltr'><strong>in</strong></span> <span class='ocrx_word' id='word_1_59' title='bbox 674 953 782 993; x_wconf 82' lang='lat' dir='ltr'><strong>aerum</strong></span> <span class='ocrx_word' id='word_1_60' title='bbox 814 954 902 994; x_wconf 92' lang='lat' dir='ltr'><strong>omne</strong></span> <span class='ocrx_word' id='word_1_61' title='bbox 929 935 1063 996; x_wconf 81' lang='lat' dir='ltr'><strong>victuris.</strong></span> <span class='ocrx_word' id='word_1_62' title='bbox 1095 935 1196 1015; x_wconf 91' lang='lat' dir='ltr'><strong>itaque</strong></span> <span class='ocrx_word' id='word_1_63' title='bbox 1224 954 1293 993; x_wconf 92' lang='lat' dir='ltr'><strong>eum</strong></span> <span class='ocrx_word' id='word_1_64' title='bbox 1326 946 1350 993; x_wconf 73' lang='grc' dir='ltr'><strong>ι’</strong></span> <span class='ocrx_word' id='word_1_65' title='bbox 1365 942 1522 1013; x_wconf 86' lang='lat' dir='ltr'><strong>poetarum</strong></span> 
     </span>
     <span class='ocr_line' id='line_1_8' title="bbox 170 1036 1523 1121; baseline 0.001 -25"><span class='ocrx_word' id='word_1_66' title='bbox 170 1057 318 1097; x_wconf 86' lang='lat' dir='ltr'><strong>novorum</strong></span> <span class='ocrx_word' id='word_1_67' title='bbox 347 1038 464 1099; x_wconf 90' lang='lat' dir='ltr'><strong>ratione</strong></span> <span class='ocrx_word' id='word_1_68' title='bbox 491 1038 583 1118; x_wconf 92' lang='lat' dir='ltr'><strong>plane</strong></span> <span class='ocrx_word' id='word_1_69' title='bbox 611 1038 743 1100; x_wconf 90' lang='lat' dir='ltr'><strong>alienum</strong></span> <span class='ocrx_word' id='word_1_70' title='bbox 773 1040 867 1100; x_wconf 79' lang='lat' dir='ltr'><strong>fuisse</strong></span> <span class='ocrx_word' id='word_1_71' title='bbox 901 1040 1045 1121; x_wconf 88' lang='lat' dir='ltr'><strong>illamque</strong></span> <span class='ocrx_word' id='word_1_72' title='bbox 1076 1038 1232 1101; x_wconf 82' lang='lat' dir='ltr'><strong>occasions</strong></span> <span class='ocrx_word' id='word_1_73' title='bbox 1259 1038 1330 1099; x_wconf 84' lang='lat' dir='ltr'><strong>data</strong></span> <span class='ocrx_word' id='word_1_74' title='bbox 1362 1036 1523 1119; x_wconf 87' lang='lat' dir='ltr'><strong>diligenter</strong></span> 
     </span>
     <span class='ocr_line' id='line_1_9' title="bbox 171 1142 1524 1227; baseline 0.001 -25"><span class='ocrx_word' id='word_1_75' title='bbox 171 1142 367 1224; x_wconf 78' lang='lat' dir='ltr'><strong>impugnasse</strong></span> <span class='ocrx_word' id='word_1_76' title='bbox 398 1143 587 1220; x_wconf 81' lang='lat' dir='ltr'><strong>crediderim,</strong></span> <span class='ocrx_word' id='word_1_77' title='bbox 620 1144 701 1224; x_wconf 89' lang='lat' dir='ltr'><strong>quod</strong></span> <span class='ocrx_word' id='word_1_78' title='bbox 730 1165 768 1205; x_wconf 89' lang='lat' dir='ltr'><strong>ex</strong></span> <span class='ocrx_word' id='word_1_79' title='bbox 799 1147 866 1227; x_wconf 90' lang='lat' dir='ltr'><strong>ipso</strong></span> <span class='ocrx_word' id='word_1_80' title='bbox 898 1145 1031 1206; x_wconf 90' lang='lat' dir='ltr'><strong>locorum</strong></span> <span class='ocrx_word' id='word_1_81' title='bbox 1063 1154 1177 1221; x_wconf 90' lang='lat' dir='ltr'><strong>tenore,</strong></span> <span class='ocrx_word' id='word_1_82' title='bbox 1215 1144 1386 1226; x_wconf 89' lang='lat' dir='ltr'><strong>dequibus</strong></span> <span class='ocrx_word' id='word_1_83' title='bbox 1418 1152 1524 1225; x_wconf 92' lang='lat' dir='ltr'><strong>postea</strong></span> 
     </span>
     <span class='ocr_line' id='line_1_10' title="bbox 48 1237 1524 1331; baseline -0.001 -24"><span class='ocrx_word' id='word_1_84' title='bbox 48 1321 49 1324; x_wconf 8' lang='grc' dir='ltr'><strong>Ἴ</strong></span> <span class='ocrx_word' id='word_1_85' title='bbox 174 1249 345 1307; x_wconf 82' lang='lat' dir='ltr'><strong>accuratius</strong></span> <span class='ocrx_word' id='word_1_86' title='bbox 375 1247 451 1307; x_wconf 92' lang='lat' dir='ltr'><strong>mihi</strong></span> <span class='ocrx_word' id='word_1_87' title='bbox 484 1246 644 1307; x_wconf 89' lang='lat' dir='ltr'><strong>dicendum</strong></span> <span class='ocrx_word' id='word_1_88' title='bbox 672 1248 739 1331; x_wconf 90' lang='lat' dir='ltr'><strong>erit,</strong></span> <span class='ocrx_word' id='word_1_89' title='bbox 772 1249 873 1329; x_wconf 88' lang='lat' dir='ltr'><strong>colligi</strong></span> <span class='ocrx_word' id='word_1_90' title='bbox 898 1268 986 1329; x_wconf 91' lang='lat' dir='ltr'><strong>posse</strong></span> <span class='ocrx_word' id='word_1_91' title='bbox 1008 1242 1139 1309; x_wconf 69' lang='lat' dir='ltr'><strong>vide&#39;tur&#39;.</strong></span> <span class='ocrx_word' id='word_1_92' title='bbox 1170 1237 1337 1309; x_wconf 85' lang='lat' dir='ltr'><strong>accedebat</strong></span> <span class='ocrx_word' id='word_1_93' title='bbox 1365 1248 1524 1309; x_wconf 83' lang='lat' dir='ltr'><strong>simultatis</strong></span> 
     </span>
     <span class='ocr_line' id='line_1_11' title="bbox 173 1348 1524 1433; baseline 0.001 -21.829"><span class='ocrx_word' id='word_1_94' title='bbox 173 1351 327 1414; x_wconf 81' lang='lat' dir='ltr'><strong>cuiusdam</strong></span> <span class='ocrx_word' id='word_1_95' title='bbox 351 1352 500 1426; x_wconf 87' lang='lat' dir='ltr'><strong>stimulus,</strong></span> <span class='ocrx_word' id='word_1_96' title='bbox 534 1372 614 1432; x_wconf 79' lang='lat' dir='ltr'><strong>quae</strong></span> <span class='ocrx_word' id='word_1_97' title='bbox 641 1348 718 1413; x_wconf 89' lang='lat' dir='ltr'><strong>inter</strong></span> <span class='ocrx_word' id='word_1_98' title='bbox 741 1350 919 1413; x_wconf 78' lang='lat' dir='ltr'><strong>Ciceronem</strong></span> <span class='ocrx_word' id='word_1_99' title='bbox 948 1363 1039 1433; x_wconf 90' lang='lat' dir='ltr'><strong>atque</strong></span> <span class='ocrx_word' id='word_1_100' title='bbox 1063 1350 1209 1433; x_wconf 86' lang='lat' dir='ltr'><strong>quosdam</strong></span> <span class='ocrx_word' id='word_1_101' title='bbox 1231 1374 1270 1413; x_wconf 88' lang='lat' dir='ltr'><strong>ex</strong></span> <span class='ocrx_word' id='word_1_102' title='bbox 1293 1352 1336 1413; x_wconf 90' lang='lat' dir='ltr'><strong>eis</strong></span> <span class='ocrx_word' id='word_1_103' title='bbox 1359 1352 1524 1413; x_wconf 87' lang='lat' dir='ltr'><strong>intercede·</strong></span> 
     </span>
     <span class='ocr_line' id='line_1_12' title="bbox 171 1454 1522 1540; baseline -0.002 -22.248"><span class='ocrx_word' id='word_1_104' title='bbox 171 1459 236 1535; x_wconf 93' lang='lat' dir='ltr'><strong>bat,</strong></span> <span class='ocrx_word' id='word_1_105' title='bbox 260 1458 367 1540; x_wconf 88' lang='lat' dir='ltr'><strong>quiin</strong></span> <span class='ocrx_word' id='word_1_106' title='bbox 391 1457 476 1538; x_wconf 92' lang='lat' dir='ltr'><strong>poesi</strong></span> <span class='ocrx_word' id='word_1_107' title='bbox 499 1456 775 1518; x_wconf 82' lang='lat' dir='ltr'><strong>Alexandrinorum</strong></span> <span class='ocrx_word' id='word_1_108' title='bbox 797 1467 972 1538; x_wconf 86' lang='lat' dir='ltr'><strong>presserant</strong></span> <span class='ocrx_word' id='word_1_109' title='bbox 998 1459 1138 1536; x_wconf 85' lang='lat' dir='ltr'><strong>vestigia.</strong></span> <span class='ocrx_word' id='word_1_110' title='bbox 1173 1478 1272 1538; x_wconf 87' lang='lat' dir='ltr'><strong>neque</strong></span> <span class='ocrx_word' id='word_1_111' title='bbox 1296 1458 1376 1516; x_wconf 91' lang='lat' dir='ltr'><strong>enim</strong></span> <span class='ocrx_word' id='word_1_112' title='bbox 1400 1454 1522 1516; x_wconf 89' lang='lat' dir='ltr'><strong>dubium</strong></span> 
     </span>
     <span class='ocr_line' id='line_1_13' title="bbox 173 1560 1523 1645; baseline -0.004 -19.523"><span class='ocrx_word' id='word_1_113' title='bbox 173 1574 229 1639; x_wconf 92' lang='lat' dir='ltr'><strong>est,</strong></span> <span class='ocrx_word' id='word_1_114' title='bbox 254 1564 328 1645; x_wconf 90' lang='lat' dir='ltr'><strong>quin</strong></span> <span class='ocrx_word' id='word_1_115' title='bbox 344 1563 383 1623; x_wconf 93' lang='lat' dir='ltr'><strong>ad</strong></span> <span class='ocrx_word' id='word_1_116' title='bbox 404 1562 559 1623; x_wconf 82' lang='lat' dir='ltr'><strong>fastidium</strong></span> <span class='ocrx_word' id='word_1_117' title='bbox 575 1563 660 1637; x_wconf 91' lang='lat' dir='ltr'><strong>illud,</strong></span> <span class='ocrx_word' id='word_1_118' title='bbox 686 1562 767 1642; x_wconf 91' lang='lat' dir='ltr'><strong>quod</strong></span> <span class='ocrx_word' id='word_1_119' title='bbox 783 1561 888 1623; x_wconf 91' lang='lat' dir='ltr'><strong>Cicero</strong></span> <span class='ocrx_word' id='word_1_120' title='bbox 910 1582 1131 1643; x_wconf 86' lang='lat' dir='ltr'><strong>usquequaque</strong></span> <span class='ocrx_word' id='word_1_121' title='bbox 1146 1582 1220 1644; x_wconf 90' lang='lat' dir='ltr'><strong>prae</strong></span> <span class='ocrx_word' id='word_1_122' title='bbox 1244 1582 1275 1623; x_wconf 92' lang='lat' dir='ltr'><strong>se</strong></span> <span class='ocrx_word' id='word_1_123' title='bbox 1298 1563 1355 1623; x_wconf 80' lang='lat' dir='ltr'><strong>fert</strong></span> <span class='ocrx_word' id='word_1_124' title='bbox 1376 1560 1523 1622; x_wconf 86' lang='lat' dir='ltr'><strong>adversus</strong></span> 
     </span>
     <span class='ocr_line' id='line_1_14' title="bbox 170 1666 1523 1750; baseline -0.002 -21.248"><span class='ocrx_word' id='word_1_125' title='bbox 170 1679 277 1750; x_wconf 89' lang='lat' dir='ltr'><strong>poetas</strong></span> <span class='ocrx_word' id='word_1_126' title='bbox 299 1689 403 1749; x_wconf 88' lang='lat' dir='ltr'><strong>novos,</strong></span> <span class='ocrx_word' id='word_1_127' title='bbox 431 1667 463 1728; x_wconf 90' lang='lat' dir='ltr'><strong>id</strong></span> <span class='ocrx_word' id='word_1_128' title='bbox 485 1668 647 1749; x_wconf 88' lang='lat' dir='ltr'><strong>plurimum</strong></span> <span class='ocrx_word' id='word_1_129' title='bbox 669 1668 809 1743; x_wconf 87' lang='lat' dir='ltr'><strong>valuerit,</strong></span> <span class='ocrx_word' id='word_1_130' title='bbox 839 1666 919 1747; x_wconf 91' lang='lat' dir='ltr'><strong>quod</strong></span> <span class='ocrx_word' id='word_1_131' title='bbox 943 1668 1006 1727; x_wconf 88' lang='lat' dir='ltr'><strong>eius</strong></span> <span class='ocrx_word' id='word_1_132' title='bbox 1030 1667 1110 1727; x_wconf 90' lang='lat' dir='ltr'><strong>modi</strong></span> <span class='ocrx_word' id='word_1_133' title='bbox 1132 1676 1254 1748; x_wconf 86' lang='lat' dir='ltr'><strong>poetae,</strong></span> <span class='ocrx_word' id='word_1_134' title='bbox 1281 1668 1333 1747; x_wconf 91' lang='lat' dir='ltr'><strong>qui</strong></span> <span class='ocrx_word' id='word_1_135' title='bbox 1355 1667 1523 1727; x_wconf 84' lang='lat' dir='ltr'><strong>forensibus</strong></span> 
     </span>
     <span class='ocr_line' id='line_1_15' title="bbox 46 1752 1524 1854; baseline -0.001 -21"><span class='ocrx_word' id='word_1_136' title='bbox 46 1752 98 1835; x_wconf 49' lang='grc' dir='ltr'><strong>,ἓ</strong></span> <span class='ocrx_word' id='word_1_137' title='bbox 172 1794 292 1854; x_wconf 89' lang='lat' dir='ltr'><strong>quoque</strong></span> <span class='ocrx_word' id='word_1_138' title='bbox 306 1774 436 1854; x_wconf 90' lang='lat' dir='ltr'><strong>negotiis</strong></span> <span class='ocrx_word' id='word_1_139' title='bbox 453 1793 575 1853; x_wconf 90' lang='lat' dir='ltr'><strong>operam</strong></span> <span class='ocrx_word' id='word_1_140' title='bbox 593 1773 713 1848; x_wconf 86' lang='lat' dir='ltr'><strong>dabant,</strong></span> <span class='ocrx_word' id='word_1_141' title='bbox 734 1770 832 1832; x_wconf 84' lang='lat' dir='ltr'><strong>veluti</strong></span> <span class='ocrx_word' id='word_1_142' title='bbox 848 1771 882 1832; x_wconf 89' lang='lat' dir='ltr'><strong>C.</strong></span> <span class='ocrx_word' id='word_1_143' title='bbox 898 1772 1032 1832; x_wconf 90' lang='lat' dir='ltr'><strong>Licinius</strong></span> <span class='ocrx_word' id='word_1_144' title='bbox 1049 1770 1170 1847; x_wconf 86' lang='lat' dir='ltr'><strong>Calvus,</strong></span> <span class='ocrx_word' id='word_1_145' title='bbox 1194 1792 1314 1853; x_wconf 88' lang='lat' dir='ltr'><strong>prorsus</strong></span> <span class='ocrx_word' id='word_1_146' title='bbox 1332 1772 1422 1831; x_wconf 89' lang='lat' dir='ltr'><strong>aliam</strong></span> <span class='ocrx_word' id='word_1_147' title='bbox 1438 1770 1470 1831; x_wconf 95' lang='lat' dir='ltr'><strong>in</strong></span> <span class='ocrx_word' id='word_1_148' title='bbox 1488 1792 1524 1832; x_wconf 93' lang='lat' dir='ltr'><strong>ea</strong></span> 
     </span>
    </p>
   </div>
   <div class='ocr_carea' id='block_1_5' title="bbox 37 1874 1622 2589">
    <p class='ocr_par' dir='ltr' id='par_1_5' title="bbox 32 1861 1622 2589">
     <span class='ocr_line' id='line_1_16' title="bbox 170 1874 1522 1960; baseline 0.002 -26.752"><span class='ocrx_word' id='word_1_149' title='bbox 170 1900 204 1939; x_wconf 92' lang='lat' dir='ltr'><strong>re</strong></span> <span class='ocrx_word' id='word_1_150' title='bbox 219 1878 421 1960; x_wconf 89' lang='lat' dir='ltr'><strong>sequebantur</strong></span> <span class='ocrx_word' id='word_1_151' title='bbox 436 1886 527 1958; x_wconf 87' lang='lat' dir='ltr'><strong>atque</strong></span> <span class='ocrx_word' id='word_1_152' title='bbox 543 1877 650 1938; x_wconf 92' lang='lat' dir='ltr'><strong>Cicero</strong></span> <span class='ocrx_word' id='word_1_153' title='bbox 665 1879 824 1938; x_wconf 86' lang='lat' dir='ltr'><strong>rationem:</strong></span> <span class='ocrx_word' id='word_1_154' title='bbox 842 1878 911 1957; x_wconf 90' lang='lat' dir='ltr'><strong>puri</strong></span> <span class='ocrx_word' id='word_1_155' title='bbox 928 1879 1008 1937; x_wconf 92' lang='lat' dir='ltr'><strong>enim</strong></span> <span class='ocrx_word' id='word_1_156' title='bbox 1023 1876 1128 1938; x_wconf 86' lang='lat' dir='ltr'><strong>haberi</strong></span> <span class='ocrx_word' id='word_1_157' title='bbox 1143 1875 1289 1938; x_wconf 88' lang='lat' dir='ltr'><strong>volebant</strong></span> <span class='ocrx_word' id='word_1_158' title='bbox 1297 1874 1405 1936; x_wconf 82' lang='lat' dir='ltr'><strong>Attici.</strong></span> <span class='ocrx_word' id='word_1_159' title='bbox 1422 1896 1522 1957; x_wconf 91' lang='lat' dir='ltr'><strong>neque</strong></span> 
     </span>
     <span class='ocr_line' id='line_1_17' title="bbox 171 1976 1524 2064; baseline -0.003 -19.346"><span class='ocrx_word' id='word_1_160' title='bbox 171 1985 391 2064; x_wconf 87' lang='lat' dir='ltr'><strong>malignitatem</strong></span> <span class='ocrx_word' id='word_1_161' title='bbox 415 2003 517 2043; x_wconf 88' lang='lat' dir='ltr'><strong>eornm</strong></span> <span class='ocrx_word' id='word_1_162' title='bbox 540 1983 646 2062; x_wconf 85' lang='lat' dir='ltr'><strong>effugit</strong></span> <span class='ocrx_word' id='word_1_163' title='bbox 667 1983 790 2042; x_wconf 84' lang='lat' dir='ltr'><strong>&#39;Pullius</strong></span> <span class='ocrx_word' id='word_1_164' title='bbox 812 1982 886 2043; x_wconf 91' lang='lat' dir='ltr'><strong>satis</strong></span> <span class='ocrx_word' id='word_1_165' title='bbox 908 1984 1102 2063; x_wconf 89' lang='lat' dir='ltr'><strong>impugnatus</strong></span> <span class='ocrx_word' id='word_1_166' title='bbox 1126 1992 1156 2043; x_wconf 91' lang='lat' dir='ltr'><strong>et</strong></span> <span class='ocrx_word' id='word_1_167' title='bbox 1178 1976 1378 2064; x_wconf 84' lang='lat' dir='ltr'><strong>lacessitus.¹)</strong></span> <span class='ocrx_word' id='word_1_168' title='bbox 1403 2001 1463 2061; x_wconf 90' lang='lat' dir='ltr'><strong>qua</strong></span> <span class='ocrx_word' id='word_1_169' title='bbox 1486 1982 1524 2041; x_wconf 90' lang='lat' dir='ltr'><strong>de</strong></span> 
     </span>
     <span class='ocr_line' id='line_1_18' title="bbox 172 2075 1524 2170; baseline 0 -23"><span class='ocrx_word' id='word_1_170' title='bbox 172 2108 263 2148; x_wconf 88' lang='lat' dir='ltr'><strong>causa</strong></span> <span class='ocrx_word' id='word_1_171' title='bbox 284 2088 361 2147; x_wconf 92' lang='lat' dir='ltr'><strong>nihil</strong></span> <span class='ocrx_word' id='word_1_172' title='bbox 383 2088 501 2170; x_wconf 90' lang='lat' dir='ltr'><strong>mirum,</strong></span> <span class='ocrx_word' id='word_1_173' title='bbox 524 2075 681 2161; x_wconf 83' lang='lat' dir='ltr'><strong>eiCicero,</strong></span> <span class='ocrx_word' id='word_1_174' title='bbox 705 2107 772 2147; x_wconf 92' lang='lat' dir='ltr'><strong>cum</strong></span> <span class='ocrx_word' id='word_1_175' title='bbox 795 2086 833 2146; x_wconf 91' lang='lat' dir='ltr'><strong>ab</strong></span> <span class='ocrx_word' id='word_1_176' title='bbox 850 2086 961 2148; x_wconf 83' lang='lat' dir='ltr'><strong>Atticis</strong></span> <span class='ocrx_word' id='word_1_177' title='bbox 983 2095 1179 2169; x_wconf 88' lang='lat' dir='ltr'><strong>premeretur,</strong></span> <span class='ocrx_word' id='word_1_178' title='bbox 1204 2086 1370 2147; x_wconf 87' lang='lat' dir='ltr'><strong>acerbitate</strong></span> <span class='ocrx_word' id='word_1_179' title='bbox 1392 2086 1524 2165; x_wconf 90' lang='lat' dir='ltr'><strong>quadam</strong></span> 
     </span>
     <span class='ocr_line' id='line_1_19' title="bbox 170 2174 1526 2271; baseline 0 -20"><span class='ocrx_word' id='word_1_180' title='bbox 170 2194 201 2252; x_wconf 94' lang='lat' dir='ltr'><strong>in</strong></span> <span class='ocrx_word' id='word_1_181' title='bbox 233 2211 329 2252; x_wconf 87' lang='lat' dir='ltr'><strong>novos</strong></span> <span class='ocrx_word' id='word_1_182' title='bbox 356 2190 425 2252; x_wconf 92' lang='lat' dir='ltr'><strong>illos</strong></span> <span class='ocrx_word' id='word_1_183' title='bbox 451 2200 557 2271; x_wconf 91' lang='lat' dir='ltr'><strong>poetas</strong></span> <span class='ocrx_word' id='word_1_184' title='bbox 589 2201 621 2251; x_wconf 88' lang='lat' dir='ltr'><strong>ot</strong></span> <span class='ocrx_word' id='word_1_185' title='bbox 649 2199 782 2253; x_wconf 90' lang='lat' dir='ltr'><strong>oratores</strong></span> <span class='ocrx_word' id='word_1_186' title='bbox 810 2192 949 2253; x_wconf 82' lang='lat' dir='ltr'><strong>invectus</strong></span> <span class='ocrx_word' id='word_1_187' title='bbox 977 2200 1031 2257; x_wconf 87' lang='lat' dir='ltr'><strong>est.</strong></span> <span class='ocrx_word' id='word_1_188' title='bbox 1070 2179 1173 2252; x_wconf 85' lang='lat' dir='ltr'><strong>contra</strong></span> <span class='ocrx_word' id='word_1_189' title='bbox 1196 2192 1306 2254; x_wconf 86' lang='lat' dir='ltr'><strong>eximio</strong></span> <span class='ocrx_word' id='word_1_190' title='bbox 1330 2174 1432 2253; x_wconf 86' lang='lat' dir='ltr'><strong>amore</strong></span> <span class='ocrx_word' id='word_1_191' title='bbox 1455 2212 1526 2253; x_wconf 92' lang='lat' dir='ltr'><strong>eum</strong></span> 
     </span>
     <span class='ocr_line' id='line_1_20' title="bbox 170 2296 1521 2378; baseline 0.001 -22.913"><span class='ocrx_word' id='word_1_192' title='bbox 170 2296 277 2378; x_wconf 88' lang='lat' dir='ltr'><strong>priscis</strong></span> <span class='ocrx_word' id='word_1_193' title='bbox 298 2298 396 2376; x_wconf 92' lang='lat' dir='ltr'><strong>poetis</strong></span> <span class='ocrx_word' id='word_1_194' title='bbox 420 2316 542 2376; x_wconf 86' lang='lat' dir='ltr'><strong>operam</strong></span> <span class='ocrx_word' id='word_1_195' title='bbox 564 2316 692 2357; x_wconf 90' lang='lat' dir='ltr'><strong>navasse</strong></span> <span class='ocrx_word' id='word_1_196' title='bbox 713 2296 895 2371; x_wconf 83' lang='lat' dir='ltr'><strong>videbimus,</strong></span> <span class='ocrx_word' id='word_1_197' title='bbox 919 2296 958 2357; x_wconf 88' lang='lat' dir='ltr'><strong>ad</strong></span> <span class='ocrx_word' id='word_1_198' title='bbox 979 2315 1053 2377; x_wconf 90' lang='lat' dir='ltr'><strong>quos</strong></span> <span class='ocrx_word' id='word_1_199' title='bbox 1069 2296 1185 2377; x_wconf 91' lang='lat' dir='ltr'><strong>ubique</strong></span> <span class='ocrx_word' id='word_1_200' title='bbox 1206 2308 1353 2377; x_wconf 81' lang='lat' dir='ltr'><strong>provocat</strong></span> <span class='ocrx_word' id='word_1_201' title='bbox 1375 2299 1521 2377; x_wconf 90' lang='lat' dir='ltr'><strong>legentes,</strong></span> 
     </span>
     <span class='ocr_line' id='line_1_21' title="bbox 171 2400 1622 2484; baseline 0.002 -23.738"><span class='ocrx_word' id='word_1_202' title='bbox 171 2402 256 2461; x_wconf 86' lang='lat' dir='ltr'><strong>velut</strong></span> <span class='ocrx_word' id='word_1_203' title='bbox 289 2410 319 2461; x_wconf 92' lang='lat' dir='ltr'><strong>et</strong></span> <span class='ocrx_word' id='word_1_204' title='bbox 351 2420 405 2461; x_wconf 92' lang='lat' dir='ltr'><strong>nos</strong></span> <span class='ocrx_word' id='word_1_205' title='bbox 436 2421 547 2481; x_wconf 84' lang='lat' dir='ltr'><strong>magna</strong></span> <span class='ocrx_word' id='word_1_206' title='bbox 580 2421 648 2461; x_wconf 91' lang='lat' dir='ltr'><strong>cum</strong></span> <span class='ocrx_word' id='word_1_207' title='bbox 674 2402 832 2481; x_wconf 89' lang='lat' dir='ltr'><strong>voluptate</strong></span> <span class='ocrx_word' id='word_1_208' title='bbox 861 2400 899 2461; x_wconf 87' lang='lat' dir='ltr'><strong>ad</strong></span> <span class='ocrx_word' id='word_1_209' title='bbox 922 2402 1023 2462; x_wconf 86' lang='lat' dir='ltr'><strong>lucida</strong></span> <span class='ocrx_word' id='word_1_210' title='bbox 1045 2402 1099 2461; x_wconf 90' lang='lat' dir='ltr'><strong>illa</strong></span> <span class='ocrx_word' id='word_1_211' title='bbox 1121 2410 1279 2481; x_wconf 87' lang='lat' dir='ltr'><strong>poetarum</strong></span> <span class='ocrx_word' id='word_1_212' title='bbox 1300 2401 1409 2478; x_wconf 89' lang='lat' dir='ltr'><strong>sidera,</strong></span> <span class='ocrx_word' id='word_1_213' title='bbox 1446 2423 1523 2484; x_wconf 92' lang='lat' dir='ltr'><strong>quos</strong></span> <span class='ocrx_word' id='word_1_214' title='bbox 1621 2438 1622 2443; x_wconf 22' lang='grc' dir='ltr'><strong>ι</strong></span> 
     </span>
     <span class='ocr_line' id='line_1_22' title="bbox 37 2484 1523 2589; baseline 0.001 -23"><span class='ocrx_word' id='word_1_215' title='bbox 37 2511 78 2563; x_wconf 87' lang='lat'><strong>¹.</strong></span> <span class='ocrx_word' id='word_1_216' title='bbox 173 2506 300 2566; x_wconf 82' lang='lat' dir='ltr'><strong>dicimus</strong></span> <span class='ocrx_word' id='word_1_217' title='bbox 316 2505 492 2566; x_wconf 87' lang='lat' dir='ltr'><strong>‘klassische</strong></span> <span class='ocrx_word' id='word_1_218' title='bbox 502 2506 638 2567; x_wconf 88' lang='lat' dir='ltr'><strong>Dichter’</strong></span> <span class='ocrx_word' id='word_1_219' title='bbox 656 2508 733 2568; x_wconf 92' lang='lat' dir='ltr'><strong>etin</strong></span> <span class='ocrx_word' id='word_1_220' title='bbox 749 2527 861 2568; x_wconf 87' lang='lat' dir='ltr'><strong>scaena</strong></span> <span class='ocrx_word' id='word_1_221' title='bbox 875 2506 975 2568; x_wconf 89' lang='lat' dir='ltr'><strong>redire</strong></span> <span class='ocrx_word' id='word_1_222' title='bbox 991 2506 1120 2567; x_wconf 88' lang='lat' dir='ltr'><strong>solemus</strong></span> <span class='ocrx_word' id='word_1_223' title='bbox 1136 2507 1212 2567; x_wconf 90' lang='lat' dir='ltr'><strong>etin</strong></span> <span class='ocrx_word' id='word_1_224' title='bbox 1228 2506 1334 2568; x_wconf 86' lang='lat' dir='ltr'><strong>studiis</strong></span> <span class='ocrx_word' id='word_1_225' title='bbox 1348 2504 1523 2589; x_wconf 81' lang='lat' dir='ltr'><strong>privatis.²)</strong></span> 
     </span>
    </p>
   </div>
   <div class='ocr_carea' id='block_1_6' title="bbox 173 2608 1531 3741">
    <p class='ocr_par' dir='ltr' id='par_1_6' title="bbox 175 2608 507 2673">
     <span class='ocr_line' id='line_1_23' title="bbox 175 2608 507 2673; baseline 0.003 -2"><span class='ocrx_word' id='word_1_226' title='bbox 175 2608 229 2671; x_wconf 84' lang='lat' dir='ltr'><strong>sed</strong></span> <span class='ocrx_word' id='word_1_227' title='bbox 252 2609 328 2670; x_wconf 88' lang='lat' dir='ltr'><strong>haec</strong></span> <span class='ocrx_word' id='word_1_228' title='bbox 350 2610 507 2673; x_wconf 91' lang='lat' dir='ltr'><strong>hactenus.</strong></span> 
     </span>
    </p>

    <p class='ocr_par' dir='ltr' id='par_1_7' title="bbox 173 2714 1531 3741">
     <span class='ocr_line' id='line_1_24' title="bbox 279 2714 1525 2797; baseline 0.003 -23"><span class='ocrx_word' id='word_1_229' title='bbox 279 2714 346 2774; x_wconf 88' lang='lat' dir='ltr'><strong>Iam</strong></span> <span class='ocrx_word' id='word_1_230' title='bbox 370 2735 443 2777; x_wconf 87' lang='lat' dir='ltr'><strong>vero</strong></span> <span class='ocrx_word' id='word_1_231' title='bbox 466 2736 527 2776; x_wconf 91' lang='lat' dir='ltr'><strong>uon</strong></span> <span class='ocrx_word' id='word_1_232' title='bbox 551 2716 735 2796; x_wconf 90' lang='lat' dir='ltr'><strong>superfluum</strong></span> <span class='ocrx_word' id='word_1_233' title='bbox 757 2715 880 2776; x_wconf 90' lang='lat' dir='ltr'><strong>videtur</strong></span> <span class='ocrx_word' id='word_1_234' title='bbox 903 2736 978 2787; x_wconf 83' lang='lat' dir='ltr'><strong>esse,</strong></span> <span class='ocrx_word' id='word_1_235' title='bbox 1002 2725 1036 2775; x_wconf 88' lang='lat' dir='ltr'><strong>ut</strong></span> <span class='ocrx_word' id='word_1_236' title='bbox 1059 2716 1229 2777; x_wconf 89' lang='lat' dir='ltr'><strong>accuratius</strong></span> <span class='ocrx_word' id='word_1_237' title='bbox 1245 2715 1398 2777; x_wconf 79' lang='lat' dir='ltr'><strong>Ciceronis</strong></span> <span class='ocrx_word' id='word_1_238' title='bbox 1420 2718 1525 2797; x_wconf 89' lang='lat' dir='ltr'><strong>poesis</strong></span> 
     </span>
     <span class='ocr_line' id='line_1_25' title="bbox 173 2820 1525 2903; baseline -0.001 -20"><span class='ocrx_word' id='word_1_239' title='bbox 173 2821 329 2883; x_wconf 84' lang='lat' dir='ltr'><strong>Romanae</strong></span> <span class='ocrx_word' id='word_1_240' title='bbox 360 2822 582 2902; x_wconf 89' lang='lat' dir='ltr'><strong>perspiciantur</strong></span> <span class='ocrx_word' id='word_1_241' title='bbox 612 2821 721 2897; x_wconf 88' lang='lat' dir='ltr'><strong>studia,</strong></span> <span class='ocrx_word' id='word_1_242' title='bbox 755 2821 793 2881; x_wconf 91' lang='lat' dir='ltr'><strong>de</strong></span> <span class='ocrx_word' id='word_1_243' title='bbox 825 2822 878 2896; x_wconf 88' lang='lat' dir='ltr'><strong>eis,</strong></span> <span class='ocrx_word' id='word_1_244' title='bbox 904 2820 1012 2902; x_wconf 90' lang='lat' dir='ltr'><strong>quibus</strong></span> <span class='ocrx_word' id='word_1_245' title='bbox 1035 2840 1107 2881; x_wconf 89' lang='lat' dir='ltr'><strong>usus</strong></span> <span class='ocrx_word' id='word_1_246' title='bbox 1136 2840 1201 2881; x_wconf 87' lang='lat' dir='ltr'><strong>esse</strong></span> <span class='ocrx_word' id='word_1_247' title='bbox 1223 2820 1354 2903; x_wconf 90' lang='lat' dir='ltr'><strong>videtur,</strong></span> <span class='ocrx_word' id='word_1_248' title='bbox 1388 2821 1525 2882; x_wconf 76' lang='lat' dir='ltr'><strong>fontibus</strong></span> 
     </span>
     <span class='ocr_line' id='line_1_26' title="bbox 176 2924 1526 3008; baseline 0 -22"><span class='ocrx_word' id='word_1_249' title='bbox 176 2925 316 3006; x_wconf 89' lang='lat' dir='ltr'><strong>pluribus</strong></span> <span class='ocrx_word' id='word_1_250' title='bbox 340 2925 495 2987; x_wconf 88' lang='lat' dir='ltr'><strong>disserere.</strong></span> <span class='ocrx_word' id='word_1_251' title='bbox 526 2948 709 3008; x_wconf 87' lang='lat' dir='ltr'><strong>quamquam</strong></span> <span class='ocrx_word' id='word_1_252' title='bbox 733 2928 812 2986; x_wconf 91' lang='lat' dir='ltr'><strong>enim</strong></span> <span class='ocrx_word' id='word_1_253' title='bbox 835 2927 949 2986; x_wconf 92' lang='lat' dir='ltr'><strong>nemini</strong></span> <span class='ocrx_word' id='word_1_254' title='bbox 973 2928 1108 3005; x_wconf 89' lang='lat' dir='ltr'><strong>ignotum</strong></span> <span class='ocrx_word' id='word_1_255' title='bbox 1131 2935 1177 2985; x_wconf 87' lang='lat' dir='ltr'><strong>est</strong></span> <span class='ocrx_word' id='word_1_256' title='bbox 1199 2924 1377 2986; x_wconf 89' lang='lat' dir='ltr'><strong>Ciceronem</strong></span> <span class='ocrx_word' id='word_1_257' title='bbox 1400 2928 1433 2986; x_wconf 95' lang='lat' dir='ltr'><strong>in</strong></span> <span class='ocrx_word' id='word_1_258' title='bbox 1457 2928 1526 2986; x_wconf 90' lang='lat' dir='ltr'><strong>uni·</strong></span> 
     </span>
     <span class='ocr_line' id='line_1_27' title="bbox 178 3028 1526 3111; baseline 0.001 -21"><span class='ocrx_word' id='word_1_259' title='bbox 178 3050 300 3091; x_wconf 81' lang='lat' dir='ltr'><strong>versum</strong></span> <span class='ocrx_word' id='word_1_260' title='bbox 324 3028 469 3091; x_wconf 85' lang='lat' dir='ltr'><strong>elaboro</strong></span> <span class='ocrx_word' id='word_1_261' title='bbox 491 3030 607 3093; x_wconf 88' lang='lat' dir='ltr'><strong>intento</strong></span> <span class='ocrx_word' id='word_1_262' title='bbox 631 3042 662 3092; x_wconf 89' lang='lat' dir='ltr'><strong>et</strong></span> <span class='ocrx_word' id='word_1_263' title='bbox 684 3034 838 3092; x_wconf 86' lang='lat' dir='ltr'><strong>severiore</strong></span> <span class='ocrx_word' id='word_1_264' title='bbox 870 3032 902 3091; x_wconf 93' lang='lat' dir='ltr'><strong>in</strong></span> <span class='ocrx_word' id='word_1_265' title='bbox 924 3051 986 3091; x_wconf 86' lang='lat' dir='ltr'><strong>una</strong></span> <span class='ocrx_word' id='word_1_266' title='bbox 1010 3052 1042 3091; x_wconf 91' lang='lat' dir='ltr'><strong>re</strong></span> <span class='ocrx_word' id='word_1_267' title='bbox 1065 3030 1205 3110; x_wconf 90' lang='lat' dir='ltr'><strong>ponendo</strong></span> <span class='ocrx_word' id='word_1_268' title='bbox 1227 3030 1424 3111; x_wconf 80' lang='lat' dir='ltr'><strong>fontibusque</strong></span> <span class='ocrx_word' id='word_1_269' title='bbox 1456 3052 1526 3091; x_wconf 90' lang='lat' dir='ltr'><strong>cum</strong></span> 
     </span>
     <span class='ocr_line' id='line_1_28' title="bbox 178 3134 1528 3218; baseline 0.003 -25"><span class='ocrx_word' id='word_1_270' title='bbox 178 3134 338 3216; x_wconf 90' lang='lat' dir='ltr'><strong>diligentia</strong></span> <span class='ocrx_word' id='word_1_271' title='bbox 368 3137 594 3218; x_wconf 87' lang='lat' dir='ltr'><strong>perscrutandis</strong></span> <span class='ocrx_word' id='word_1_272' title='bbox 626 3136 826 3212; x_wconf 86' lang='lat' dir='ltr'><strong>abhorruisse,</strong></span> <span class='ocrx_word' id='word_1_273' title='bbox 859 3147 959 3197; x_wconf 86' lang='lat' dir='ltr'><strong>tamen</strong></span> <span class='ocrx_word' id='word_1_274' title='bbox 992 3157 1060 3197; x_wconf 93' lang='lat' dir='ltr'><strong>eum</strong></span> <span class='ocrx_word' id='word_1_275' title='bbox 1093 3136 1130 3196; x_wconf 86' lang='lat' dir='ltr'><strong>ad</strong></span> <span class='ocrx_word' id='word_1_276' title='bbox 1158 3145 1315 3216; x_wconf 87' lang='lat' dir='ltr'><strong>poetarum</strong></span> <span class='ocrx_word' id='word_1_277' title='bbox 1346 3135 1528 3216; x_wconf 86' lang='lat' dir='ltr'><strong>dignitatem</strong></span> 
     </span>
     <span class='ocr_line' id='line_1_29' title="bbox 178 3240 1529 3326; baseline 0.002 -27"><span class='ocrx_word' id='word_1_278' title='bbox 178 3248 258 3301; x_wconf 87' lang='lat' dir='ltr'><strong>recte</strong></span> <span class='ocrx_word' id='word_1_279' title='bbox 280 3241 474 3302; x_wconf 89' lang='lat' dir='ltr'><strong>iudicandam</strong></span> <span class='ocrx_word' id='word_1_280' title='bbox 496 3242 600 3326; x_wconf 88' lang='lat' dir='ltr'><strong>libros,</strong></span> <span class='ocrx_word' id='word_1_281' title='bbox 625 3262 700 3322; x_wconf 91' lang='lat' dir='ltr'><strong>quos</strong></span> <span class='ocrx_word' id='word_1_282' title='bbox 722 3252 842 3323; x_wconf 86' lang='lat' dir='ltr'><strong>praesto</strong></span> <span class='ocrx_word' id='word_1_283' title='bbox 865 3241 1006 3316; x_wconf 89' lang='lat' dir='ltr'><strong>habebat,</strong></span> <span class='ocrx_word' id='word_1_284' title='bbox 1031 3243 1151 3321; x_wconf 84' lang='lat' dir='ltr'><strong>saepius</strong></span> <span class='ocrx_word' id='word_1_285' title='bbox 1174 3243 1352 3322; x_wconf 84' lang='lat' dir='ltr'><strong>inspexisse,</strong></span> <span class='ocrx_word' id='word_1_286' title='bbox 1377 3242 1428 3300; x_wconf 88' lang='lat' dir='ltr'><strong>vel</strong></span> <span class='ocrx_word' id='word_1_287' title='bbox 1451 3240 1529 3302; x_wconf 94' lang='lat' dir='ltr'><strong>inde</strong></span> 
     </span>
     <span class='ocr_line' id='line_1_30' title="bbox 175 3346 1530 3427; baseline 0.001 -22"><span class='ocrx_word' id='word_1_288' title='bbox 175 3354 275 3425; x_wconf 89' lang='lat' dir='ltr'><strong>potest</strong></span> <span class='ocrx_word' id='word_1_289' title='bbox 298 3348 404 3421; x_wconf 89' lang='lat' dir='ltr'><strong>conici,</strong></span> <span class='ocrx_word' id='word_1_290' title='bbox 427 3347 509 3426; x_wconf 90' lang='lat' dir='ltr'><strong>quod</strong></span> <span class='ocrx_word' id='word_1_291' title='bbox 532 3347 598 3427; x_wconf 89' lang='lat' dir='ltr'><strong>ipso</strong></span> <span class='ocrx_word' id='word_1_292' title='bbox 622 3346 660 3408; x_wconf 90' lang='lat' dir='ltr'><strong>de</strong></span> <span class='ocrx_word' id='word_1_293' title='bbox 681 3346 778 3427; x_wconf 91' lang='lat' dir='ltr'><strong>poetis</strong></span> <span class='ocrx_word' id='word_1_294' title='bbox 802 3367 966 3427; x_wconf 89' lang='lat' dir='ltr'><strong>eorumque</strong></span> <span class='ocrx_word' id='word_1_295' title='bbox 995 3347 1189 3407; x_wconf 79' lang='lat' dir='ltr'><strong>facultatibus</strong></span> <span class='ocrx_word' id='word_1_296' title='bbox 1213 3366 1333 3407; x_wconf 88' lang='lat' dir='ltr'><strong>carmen</strong></span> <span class='ocrx_word' id='word_1_297' title='bbox 1357 3349 1530 3426; x_wconf 86' lang='lat' dir='ltr'><strong>composuit</strong></span> 
     </span>
     <span class='ocr_line' id='line_1_31' title="bbox 175 3450 1530 3531; baseline 0.001 -22"><span class='ocrx_word' id='word_1_298' title='bbox 175 3465 288 3509; x_wconf 90' lang='lat' dir='ltr'><strong>morem</strong></span> <span class='ocrx_word' id='word_1_299' title='bbox 312 3451 398 3511; x_wconf 91' lang='lat' dir='ltr'><strong>illum</strong></span> <span class='ocrx_word' id='word_1_300' title='bbox 421 3461 550 3527; x_wconf 87' lang='lat' dir='ltr'><strong>secutus,</strong></span> <span class='ocrx_word' id='word_1_301' title='bbox 575 3473 633 3531; x_wconf 90' lang='lat' dir='ltr'><strong>quo</strong></span> <span class='ocrx_word' id='word_1_302' title='bbox 658 3453 715 3510; x_wconf 87' lang='lat' dir='ltr'><strong>viri</strong></span> <span class='ocrx_word' id='word_1_303' title='bbox 739 3450 817 3512; x_wconf 90' lang='lat' dir='ltr'><strong>docti</strong></span> <span class='ocrx_word' id='word_1_304' title='bbox 841 3451 930 3511; x_wconf 88' lang='lat' dir='ltr'><strong>etiam</strong></span> <span class='ocrx_word' id='word_1_305' title='bbox 953 3452 984 3510; x_wconf 94' lang='lat' dir='ltr'><strong>in</strong></span> <span class='ocrx_word' id='word_1_306' title='bbox 1007 3452 1096 3511; x_wconf 90' lang='lat' dir='ltr'><strong>rebus</strong></span> <span class='ocrx_word' id='word_1_307' title='bbox 1112 3452 1150 3512; x_wconf 91' lang='lat' dir='ltr'><strong>ad</strong></span> <span class='ocrx_word' id='word_1_308' title='bbox 1170 3453 1286 3512; x_wconf 88' lang='lat' dir='ltr'><strong>litteras</strong></span> <span class='ocrx_word' id='word_1_309' title='bbox 1301 3451 1530 3531; x_wconf 83' lang='lat' dir='ltr'><strong>pertinentibus</strong></span> 
     </span>
     <span class='ocr_line' id='line_1_32' title="bbox 177 3554 1530 3639; baseline 0.001 -26"><span class='ocrx_word' id='word_1_310' title='bbox 177 3575 405 3635; x_wconf 88' lang='lat' dir='ltr'><strong>nonnumquam</strong></span> <span class='ocrx_word' id='word_1_311' title='bbox 438 3558 484 3617; x_wconf 92' lang='lat' dir='ltr'><strong>usi</strong></span> <span class='ocrx_word' id='word_1_312' title='bbox 507 3565 577 3616; x_wconf 91' lang='lat' dir='ltr'><strong>sunt</strong></span> <span class='ocrx_word' id='word_1_313' title='bbox 600 3556 735 3615; x_wconf 90' lang='lat' dir='ltr'><strong>oratione</strong></span> <span class='ocrx_word' id='word_1_314' title='bbox 757 3556 888 3639; x_wconf 87' lang='lat' dir='ltr'><strong>poetica,</strong></span> <span class='ocrx_word' id='word_1_315' title='bbox 913 3554 1008 3615; x_wconf 89' lang='lat' dir='ltr'><strong>veluti</strong></span> <span class='ocrx_word' id='word_1_316' title='bbox 1032 3556 1156 3617; x_wconf 89' lang='lat' dir='ltr'><strong>Porcius</strong></span> <span class='ocrx_word' id='word_1_317' title='bbox 1183 3556 1319 3616; x_wconf 88' lang='lat' dir='ltr'><strong>Licinius</strong></span> <span class='ocrx_word' id='word_1_318' title='bbox 1347 3562 1379 3615; x_wconf 82' lang='lat' dir='ltr'><strong>et</strong></span> <span class='ocrx_word' id='word_1_319' title='bbox 1401 3554 1530 3617; x_wconf 78' lang='lat' dir='ltr'><strong>Accius.</strong></span> 
     </span>
     <span class='ocr_line' id='line_1_33' title="bbox 177 3658 1531 3741; baseline 0.001 -22"><span class='ocrx_word' id='word_1_320' title='bbox 177 3679 236 3739; x_wconf 90' lang='lat' dir='ltr'><strong>quo</strong></span> <span class='ocrx_word' id='word_1_321' title='bbox 261 3680 299 3720; x_wconf 88' lang='lat' dir='ltr'><strong>ex</strong></span> <span class='ocrx_word' id='word_1_322' title='bbox 322 3662 464 3736; x_wconf 88' lang='lat' dir='ltr'><strong>carmine,</strong></span> <span class='ocrx_word' id='word_1_323' title='bbox 489 3663 538 3720; x_wconf 91' lang='lat' dir='ltr'><strong>cui</strong></span> <span class='ocrx_word' id='word_1_324' title='bbox 560 3660 715 3720; x_wconf 85' lang='lat' dir='ltr'><strong>‘Limonis&#39;</strong></span> <span class='ocrx_word' id='word_1_325' title='bbox 735 3696 779 3706; x_wconf 95' lang='lat'>—</span> <span class='ocrx_word' id='word_1_326' title='bbox 800 3660 895 3721; x_wconf 88' lang='lat' dir='ltr'><strong>latine</strong></span> <span class='ocrx_word' id='word_1_327' title='bbox 919 3658 1000 3720; x_wconf 89' lang='lat' dir='ltr'><strong>dicas</strong></span> <span class='ocrx_word' id='word_1_328' title='bbox 1024 3660 1127 3721; x_wconf 81' lang='lat' dir='ltr'><strong>‘Preti&#39;</strong></span> <span class='ocrx_word' id='word_1_329' title='bbox 1154 3696 1191 3705; x_wconf 91' lang='lat'>-</span> <span class='ocrx_word' id='word_1_330' title='bbox 1217 3680 1326 3720; x_wconf 93' lang='lat' dir='ltr'><strong>nomen</strong></span> <span class='ocrx_word' id='word_1_331' title='bbox 1349 3668 1416 3719; x_wconf 83' lang='lat' dir='ltr'><strong>erat</strong></span> <span class='ocrx_word' id='word_1_332' title='bbox 1439 3662 1531 3741; x_wconf 90' lang='lat' dir='ltr'><strong>inpo-</strong></span> 
     </span>
    </p>
   </div>
   <div class='ocr_carea' id='block_1_7' title="bbox 177 3893 1540 4582">
    <p class='ocr_par' dir='ltr' id='par_1_8' title="bbox 177 3893 1535 4056">
     <span class='ocr_line' id='line_1_34' title="bbox 281 3893 1535 3971; baseline 0.002 -18"><span class='ocrx_word' id='word_1_333' title='bbox 281 3904 302 3969; x_wconf 80' lang='grc'><strong>1)</strong></span> <span class='ocrx_word' id='word_1_334' title='bbox 322 3904 362 3954; x_wconf 83' lang='lat' dir='ltr'><strong>Cf.</strong></span> <span class='ocrx_word' id='word_1_335' title='bbox 376 3893 466 3965; x_wconf 77' lang='lat' dir='ltr'><strong>Quint.</strong></span> <span class='ocrx_word' id='word_1_336' title='bbox 476 3902 530 3952; x_wconf 89' lang='lat' dir='ltr'><strong>XII</strong></span> <span class='ocrx_word' id='word_1_337' title='bbox 542 3904 639 3969; x_wconf 82' lang='lat'><strong>10,12;</strong></span> <span class='ocrx_word' id='word_1_338' title='bbox 651 3902 688 3955; x_wconf 88' lang='lat' dir='ltr'><strong>St.</strong></span> <span class='ocrx_word' id='word_1_339' title='bbox 705 3920 730 3955; x_wconf 83' lang='lat' dir='ltr'><strong>v.</strong></span> <span class='ocrx_word' id='word_1_340' title='bbox 740 3904 829 3968; x_wconf 81' lang='lat' dir='ltr'><strong>Repta</strong></span> <span class='ocrx_word' id='word_1_341' title='bbox 839 3904 962 3955; x_wconf 82' lang='lat' dir='ltr'><strong>‘Cicero’s</strong></span> <span class='ocrx_word' id='word_1_342' title='bbox 973 3906 1075 3969; x_wconf 79' lang='lat' dir='ltr'><strong>Kampi</strong></span> <span class='ocrx_word' id='word_1_343' title='bbox 1086 3905 1134 3955; x_wconf 92' lang='lat' dir='ltr'><strong>mit</strong></span> <span class='ocrx_word' id='word_1_344' title='bbox 1148 3904 1199 3955; x_wconf 93' lang='lat' dir='ltr'><strong>den</strong></span> <span class='ocrx_word' id='word_1_345' title='bbox 1211 3905 1369 3970; x_wconf 78' lang='lat' dir='ltr'><strong>zeitgenoss.</strong></span> <span class='ocrx_word' id='word_1_346' title='bbox 1382 3903 1535 3971; x_wconf 87' lang='lat' dir='ltr'><strong>Rednern&#39;,</strong></span> 
     </span>
     <span class='ocr_line' id='line_1_35' title="bbox 177 3986 576 4056; baseline 0 -15"><span class='ocrx_word' id='word_1_347' title='bbox 177 3986 306 4041; x_wconf 81' lang='lat' dir='ltr'><strong>Suczawa</strong></span> <span class='ocrx_word' id='word_1_348' title='bbox 325 3992 401 4054; x_wconf 76' lang='lat'><strong>1872,</strong></span> <span class='ocrx_word' id='word_1_349' title='bbox 420 4007 447 4055; x_wconf 89' lang='lat' dir='ltr'><strong>p.</strong></span> <span class='ocrx_word' id='word_1_350' title='bbox 466 3992 499 4041; x_wconf 79' lang='lat'><strong>37</strong></span> <span class='ocrx_word' id='word_1_351' title='bbox 518 4007 576 4056; x_wconf 90' lang='lat' dir='ltr'><strong>sqq.</strong></span> 
     </span>
    </p>

    <p class='ocr_par' dir='ltr' id='par_1_9' title="bbox 177 4076 1540 4582">
     <span class='ocr_line' id='line_1_36' title="bbox 282 4076 1536 4147; baseline 0.001 -18"><span class='ocrx_word' id='word_1_352' title='bbox 282 4076 305 4147; x_wconf 81' lang='lat'><strong>²)</strong></span> <span class='ocrx_word' id='word_1_353' title='bbox 319 4078 359 4129; x_wconf 83' lang='lat' dir='ltr'><strong>Cf.</strong></span> <span class='ocrx_word' id='word_1_354' title='bbox 373 4092 442 4143; x_wconf 91' lang='lat' dir='ltr'><strong>quae</strong></span> <span class='ocrx_word' id='word_1_355' title='bbox 461 4078 494 4127; x_wconf 89' lang='lat' dir='ltr'><strong>de</strong></span> <span class='ocrx_word' id='word_1_356' title='bbox 511 4081 660 4144; x_wconf 90' lang='lat' dir='ltr'><strong>priscorum</strong></span> <span class='ocrx_word' id='word_1_357' title='bbox 678 4085 818 4144; x_wconf 85' lang='lat' dir='ltr'><strong>poetarum</strong></span> <span class='ocrx_word' id='word_1_358' title='bbox 837 4080 1002 4144; x_wconf 88' lang='lat' dir='ltr'><strong>praestantia</strong></span> <span class='ocrx_word' id='word_1_359' title='bbox 1019 4078 1288 4142; x_wconf 81' lang='lat' dir='ltr'><strong>proferthint.18‚</strong></span> <span class='ocrx_word' id='word_1_360' title='bbox 1301 4081 1386 4145; x_wconf 90' lang='lat' dir='ltr'><strong>8sqq.</strong></span> <span class='ocrx_word' id='word_1_361' title='bbox 1404 4078 1536 4130; x_wconf 89' lang='lat' dir='ltr'><strong>‘multum</strong></span> 
     </span>
     <span class='ocr_line' id='line_1_37' title="bbox 178 4165 1536 4232; baseline 0.001 -16"><span class='ocrx_word' id='word_1_362' title='bbox 178 4171 268 4230; x_wconf 82' lang='lat' dir='ltr'><strong>antem</strong></span> <span class='ocrx_word' id='word_1_363' title='bbox 286 4170 390 4216; x_wconf 82' lang='lat' dir='ltr'><strong>veteres</strong></span> <span class='ocrx_word' id='word_1_364' title='bbox 409 4165 489 4215; x_wconf 90' lang='lat' dir='ltr'><strong>etiam</strong></span> <span class='ocrx_word' id='word_1_365' title='bbox 511 4166 603 4216; x_wconf 89' lang='lat' dir='ltr'><strong>Latini</strong></span> <span class='ocrx_word' id='word_1_366' title='bbox 631 4167 772 4217; x_wconf 86' lang='lat' dir='ltr'><strong>conferunt</strong></span> <span class='ocrx_word' id='word_1_367' title='bbox 789 4200 902 4217; x_wconf 85' lang='lat'><strong>.....</strong></span> <span class='ocrx_word' id='word_1_368' title='bbox 920 4168 948 4215; x_wconf 92' lang='lat' dir='ltr'><strong>in</strong></span> <span class='ocrx_word' id='word_1_369' title='bbox 966 4166 1059 4232; x_wconf 86' lang='lat' dir='ltr'><strong>primis</strong></span> <span class='ocrx_word' id='word_1_370' title='bbox 1078 4167 1182 4231; x_wconf 90' lang='lat' dir='ltr'><strong>copiam</strong></span> <span class='ocrx_word' id='word_1_371' title='bbox 1199 4167 1349 4231; x_wconf 86' lang='lat' dir='ltr'><strong>verborum,</strong></span> <span class='ocrx_word' id='word_1_372' title='bbox 1368 4182 1485 4232; x_wconf 87' lang='lat' dir='ltr'><strong>quorum</strong></span> <span class='ocrx_word' id='word_1_373' title='bbox 1506 4170 1536 4217; x_wconf 89' lang='lat' dir='ltr'><strong>in</strong></span> 
     </span>
     <span class='ocr_line' id='line_1_38' title="bbox 177 4248 1537 4320; baseline 0.001 -17"><span class='ocrx_word' id='word_1_374' title='bbox 177 4253 325 4319; x_wconf 86' lang='lat' dir='ltr'><strong>tragoediis</strong></span> <span class='ocrx_word' id='word_1_375' title='bbox 338 4254 465 4318; x_wconf 82' lang='lat' dir='ltr'><strong>gravitas,</strong></span> <span class='ocrx_word' id='word_1_376' title='bbox 481 4253 511 4302; x_wconf 90' lang='lat' dir='ltr'><strong>in</strong></span> <span class='ocrx_word' id='word_1_377' title='bbox 524 4253 668 4304; x_wconf 90' lang='lat' dir='ltr'><strong>comoediis</strong></span> <span class='ocrx_word' id='word_1_378' title='bbox 690 4253 825 4319; x_wconf 84' lang='lat' dir='ltr'><strong>elegantia</strong></span> <span class='ocrx_word' id='word_1_379' title='bbox 844 4258 870 4303; x_wconf 84' lang='lat' dir='ltr'><strong>et</strong></span> <span class='ocrx_word' id='word_1_380' title='bbox 891 4252 1000 4319; x_wconf 91' lang='lat' dir='ltr'><strong>quidam</strong></span> <span class='ocrx_word' id='word_1_381' title='bbox 1023 4252 1098 4303; x_wconf 86' lang='lat' dir='ltr'><strong>velut</strong></span> <span class='ocrx_word' id='word_1_382' title='bbox 1120 4248 1276 4320; x_wconf 81' lang='grc' dir='ltr'><strong>ἀττικισμός</strong></span> <span class='ocrx_word' id='word_1_383' title='bbox 1293 4254 1411 4305; x_wconf 84' lang='lat' dir='ltr'><strong>inveniri</strong></span> <span class='ocrx_word' id='word_1_384' title='bbox 1428 4260 1537 4319; x_wconf 86' lang='lat' dir='ltr'><strong>potest.</strong></span> 
     </span>
     <span class='ocr_line' id='line_1_39' title="bbox 179 4340 1538 4407; baseline 0.002 -17"><span class='ocrx_word' id='word_1_385' title='bbox 179 4340 337 4391; x_wconf 88' lang='lat' dir='ltr'><strong>oeconomia</strong></span> <span class='ocrx_word' id='word_1_386' title='bbox 363 4355 469 4406; x_wconf 90' lang='lat' dir='ltr'><strong>quoque</strong></span> <span class='ocrx_word' id='word_1_387' title='bbox 496 4342 526 4390; x_wconf 89' lang='lat' dir='ltr'><strong>in</strong></span> <span class='ocrx_word' id='word_1_388' title='bbox 553 4340 594 4391; x_wconf 90' lang='lat' dir='ltr'><strong>his</strong></span> <span class='ocrx_word' id='word_1_389' title='bbox 614 4340 769 4406; x_wconf 85' lang='lat' dir='ltr'><strong>diligentior</strong></span> <span class='ocrx_word' id='word_1_390' title='bbox 797 4355 878 4406; x_wconf 82' lang='lat' dir='ltr'><strong>quem</strong></span> <span class='ocrx_word' id='word_1_391' title='bbox 904 4342 933 4389; x_wconf 91' lang='lat' dir='ltr'><strong>in</strong></span> <span class='ocrx_word' id='word_1_392' title='bbox 955 4340 1091 4407; x_wconf 88' lang='lat' dir='ltr'><strong>plerisque</strong></span> <span class='ocrx_word' id='word_1_393' title='bbox 1110 4357 1242 4392; x_wconf 88' lang='lat' dir='ltr'><strong>novorum</strong></span> <span class='ocrx_word' id='word_1_394' title='bbox 1261 4342 1321 4407; x_wconf 88' lang='lat' dir='ltr'><strong>erit,</strong></span> <span class='ocrx_word' id='word_1_395' title='bbox 1344 4340 1389 4407; x_wconf 90' lang='lat' dir='ltr'><strong>qui</strong></span> <span class='ocrx_word' id='word_1_396' title='bbox 1408 4342 1538 4393; x_wconf 89' lang='lat' dir='ltr'><strong>omnium</strong></span> 
     </span>
     <span class='ocr_line' id='line_1_40' title="bbox 179 4425 1540 4494; baseline 0.001 -16"><span class='ocrx_word' id='word_1_397' title='bbox 179 4442 290 4493; x_wconf 87' lang='lat' dir='ltr'><strong>operum</strong></span> <span class='ocrx_word' id='word_1_398' title='bbox 308 4426 393 4479; x_wconf 84' lang='lat' dir='ltr'><strong>solam</strong></span> <span class='ocrx_word' id='word_1_399' title='bbox 411 4430 538 4479; x_wconf 83' lang='lat' dir='ltr'><strong>virtutem</strong></span> <span class='ocrx_word' id='word_1_400' title='bbox 565 4430 712 4480; x_wconf 84' lang='lat' dir='ltr'><strong>sententias</strong></span> <span class='ocrx_word' id='word_1_401' title='bbox 730 4425 911 4493; x_wconf 66' lang='lat' dir='ltr'><strong>putaverunt!</strong></span> <span class='ocrx_word' id='word_1_402' title='bbox 943 4442 997 4492; x_wconf 81' lang='lat' dir='ltr'><strong>qua</strong></span> <span class='ocrx_word' id='word_1_403' title='bbox 1014 4444 1044 4479; x_wconf 92' lang='lat' dir='ltr'><strong>re</strong></span> <span class='ocrx_word' id='word_1_404' title='bbox 1072 4429 1118 4494; x_wconf 90' lang='lat' dir='ltr'><strong>qui</strong></span> <span class='ocrx_word' id='word_1_405' title='bbox 1146 4434 1203 4479; x_wconf 84' lang='lat' dir='ltr'><strong>erat</strong></span> <span class='ocrx_word' id='word_1_406' title='bbox 1228 4430 1258 4479; x_wconf 91' lang='lat' dir='ltr'><strong>in</strong></span> <span class='ocrx_word' id='word_1_407' title='bbox 1276 4428 1367 4479; x_wconf 82' lang='lat' dir='ltr'><strong>Tullio</strong></span> <span class='ocrx_word' id='word_1_408' title='bbox 1385 4433 1540 4494; x_wconf 86' lang='lat' dir='ltr'><strong>poetarum</strong></span> 
     </span>
     <span class='ocr_line' id='line_1_41' title="bbox 179 4516 1077 4582; baseline 0.004 -19"><span class='ocrx_word' id='word_1_409' title='bbox 179 4517 328 4565; x_wconf 90' lang='lat' dir='ltr'><strong>recentium</strong></span> <span class='ocrx_word' id='word_1_410' title='bbox 348 4522 518 4582; x_wconf 89' lang='lat' dir='ltr'><strong>contemptus</strong></span> <span class='ocrx_word' id='word_1_411' title='bbox 536 4522 583 4568; x_wconf 91' lang='lat' dir='ltr'><strong>aut</strong></span> <span class='ocrx_word' id='word_1_412' title='bbox 601 4516 755 4567; x_wconf 88' lang='lat' dir='ltr'><strong>defenditur</strong></span> <span class='ocrx_word' id='word_1_413' title='bbox 773 4521 820 4567; x_wconf 89' lang='lat' dir='ltr'><strong>aut</strong></span> <span class='ocrx_word' id='word_1_414' title='bbox 839 4520 909 4566; x_wconf 88' lang='lat' dir='ltr'><strong>certe</strong></span> <span class='ocrx_word' id='word_1_415' title='bbox 929 4520 1077 4567; x_wconf 88' lang='lat' dir='ltr'><strong>excusatur.</strong></span> 
     </span>
    </p>
   </div>
   <div class='ocr_carea' id='block_1_8' title="bbox 0 0 1666 5059">
    <p class='ocr_par' dir='ltr' id='par_1_10' title="bbox 0 0 1666 5059">
     <span class='ocr_line' id='line_1_42' title="bbox 0 0 1666 5059; baseline 0 0"><span class='ocrx_word' id='word_1_416' title='bbox 0 0 1666 5059; x_wconf 95' lang='lat' dir='ltr'><strong> </strong></span> 
     </span>
    </p>
   </div>
  </div>
 </body>
</html>
