3300 5059
2858 213 2973 272 141

289 420 544 481 pausam
593 409 878 480 quattuor
922 419 1220 460 morarum
1277 420 1398 459 non
1464 397 1790 458 excessisse
1856 397 2100 459 modum
2164 399 2435 463 docentis
2462 401 2523 475 ¹).
2569 404 2691 462 iam
2757 405 2977 466 talibus

273 503 792 579 hariolationibus‚
841 523 992 583 quas
1039 524 1231 578 nemo,
1281 504 1332 562 si
1378 503 1525 585 quid
1572 502 1774 578 vidco,
1822 503 2082 564 adsensu
2146 505 2581 586 comprobavit,
2652 508 2978 571 effrenatae

275 716 652 791 Hermanno,
698 734 779 775 ne
825 714 960 795 quis
1010 714 1193 775 etiam
1237 712 1724 793 monosyllabum
1769 733 2013 774 versum
2056 713 2369 775 heroicum
2412 716 2474 776 in
2522 716 2789 777 medium
2842 740 2979 798 pro-

273 821 456 882 ferret
482 816 558 904 2).

447 924 565 983 His
613 932 799 1004 atque
845 922 1068 983 talibus
1113 923 1517 983 recentiorum
1563 923 1817 1002 argutiis
1862 944 2108 1005 prorsus
2140 944 2205 985 se
2238 925 2531 986 abstinuit
2562 925 2975 989 Gulielmus

274 1028 521 1091 Christ
541 1029 611 1111 3),
683 1030 809 1110 qui,
874 1047 995 1109 qua
1058 1035 1149 1088 est
1214 1027 1526 1107 religione,
1573 1027 1836 1089 mediam
1881 1028 2187 1108 ingressus
2231 1030 2395 1090 viam
2439 1032 2598 1091 inter
2641 1032 2978 1093 Hermanni

273 1135 611 1195 doctrinam
655 1134 966 1193 metricam
1026 1132 1546 1212 recentiorumque
1588 1134 1885 1193 rationem
1946 1132 2366 1213 rhythmicam,
2418 1135 2560 1216 quid
2608 1137 2674 1195 in
2717 1146 2975 1217 utraque

272 1239 525 1299 haberet
570 1237 1012 1319 probabilitatis
1044 1237 1188 1311 vim,
1239 1246 1412 1298 caute
1457 1236 1829 1299 examinavit
1872 1240 2231 1319 meruitque,
2281 1248 2347 1300 ut
2390 1240 2727 1321 principem
2773 1241 2974 1303 locum

276 1346 548 1406 obtineat
594 1345 750 1403 inter
796 1362 917 1417 eos,
965 1361 1116 1421 quos
1157 1362 1293 1401 cum
1330 1341 1594 1403 Aristide
1626 1340 2006 1416 Quintiliano
2055 1340 2143 1424 (p.
2180 1346 2436 1405 40—42
2471 1346 2551 1409 M.
2586 1374 2672 1399 =
2705 1348 2785 1407 38
2820 1344 2975 1432 W.),

270 1452 393 1510 iam
460 1455 696 1508 veteres
757 1448 1076 1526 magistros
1142 1445 1549 1525 distinguente
1611 1446 2096 1529 συμπλέκοντας
2138 1455 2215 1533 τῇ
2259 1458 2522 1535 μετρικῇ
2566 1452 2817 1536 θεωρίᾳ
2860 1452 2979 1533 τὴν

268 1554 421 1640 περὶ
466 1551 742 1637 ῥυθμῶν
790 1553 981 1632 possis
1026 1552 1372 1628 nominare;
1419 1559 1626 1612 contra
1672 1552 1845 1611 alteri
1892 1553 2067 1612 classi
2113 1587 2198 1598 —
2245 1554 2378 1614 dico
2423 1555 2812 1639 χωρίζοντας
2852 1565 2967 1638 τῆς

267 1665 570 1743 μετρικῆς
628 1656 749 1739 τὴν
802 1656 952 1740 περὶ
1008 1654 1287 1739 ῥυθμῶν
1337 1657 1632 1740 θεωρίαν
1694 1691 1777 1703 -
1846 1656 2284 1718 adnumerandi
2346 1670 2485 1718 sunt
2553 1660 2633 1719 M.
2703 1660 2975 1720 Schmidt

272 1765 525 1843 aliique,
575 1783 726 1844 quos
770 1761 886 1823 hoc
929 1762 1063 1821 loco
1113 1763 1348 1822 adferre
1392 1762 1547 1822 nihil
1594 1761 1847 1822 adtinet.

451 1936 497 2005 ¹)
531 1937 614 1985 Ex
652 1937 819 2002 ipsius
858 1934 1135 1985 Schmidtii
1188 1932 1399 1985 hortulo
1453 1934 1772 2001 deprompta
1824 1939 1951 1985 sunt
2004 1934 2164 1987 haecz
2219 1936 2334 2000 ,Da
2388 1935 2473 1986 die
2511 1936 2671 1987 Alton
2724 1953 2827 1988 nur
2884 1938 2971 1991 die

271 2024 508 2076 Zeichen
546 2025 631 2074 bis
668 2009 763 2073 aur
799 2019 1146 2088 πεντάσημος
1186 2022 1453 2087 angeben,
1491 2022 1622 2072 wird
1662 2022 1746 2071 die
1783 2022 1986 2073 falsche
2012 2022 2358 2089 Vorstellung
2394 2024 2645 2089 erweckt,
2684 2024 2765 2076 als
2805 2026 2873 2076 ob
2915 2029 2974 2077 in

274 2111 372 2163 der
406 2112 593 2163 Musik
646 2111 797 2161 nicht
851 2110 990 2161 auch
1045 2112 1166 2164 eine
1203 2108 1367 2174 Sylbe
1413 2108 1517 2159 den
1553 2108 1744 2159 Werth
1790 2110 1938 2160 einer
1984 2112 2110 2160 weit
2146 2115 2429 2176 grossereu
2471 2110 2798 2163 Morenzahl
2834 2113 2975 2165 habe

275 2198 601 2264 empfangen
654 2199 889 2263 konnen,
943 2197 1024 2248 als
1079 2197 1148 2247 ob
1204 2214 1250 2248 z.
1303 2199 1362 2248 Β.
1403 2197 1567 2247 keine
1605 2192 1915 2263 ὀκτάσημος
1961 2214 2055 2249 zur
2091 2198 2471 2264 Verwendung
2516 2199 2844 2265 gekommen
2880 2202 2973 2253 sei.

270 2287 345 2336 Es
381 2286 476 2352 lag
511 2286 643 2336 aber
679 2287 738 2335 in
788 2285 882 2335 der
919 2285 1062 2335 That
1099 2285 1184 2335 fiir
1222 2284 1309 2335 die
1344 2284 1454 2335 alte
1491 2284 1787 2335 Semeiotik
1842 2299 1938 2350 gar
1996 2286 2126 2336 kein
2179 2285 2470 2337 Bediirfnis
2523 2302 2636 2352 vor,
2692 2289 2827 2339 iiber
2881 2288 2970 2339 die

269 2370 618 2439 πεντάσημος
641 2371 1098 2437 hinauszugehen,
1138 2371 1205 2421 da
1232 2370 1360 2437 jede
1397 2370 1632 2422 schwere
1657 2372 1849 2437 Lange
1883 2372 2051 2423 durch
2076 2373 2209 2424 zwei
2234 2372 2441 2423 solcher
2464 2373 2713 2441 Zeichen,
2749 2375 2969 2439 welche,

270 2462 580 2511 umsomehr
616 2459 783 2511 durch
817 2454 916 2524 ὑφ’
955 2454 1015 2509 ἕν
1063 2474 1129 2508 zu
1166 2456 1461 2508 verbinden
1500 2472 1697 2524 waren,
1750 2458 1830 2509 als
1876 2458 2016 2509 wohl
2062 2475 2166 2510 nur
2206 2459 2264 2509 in
2303 2459 2406 2511 deu
2442 2461 2738 2526 wenigsten
2781 2462 2974 2513 Falleu

271 2549 395 2599 eine
438 2549 646 2613 einzige
682 2548 820 2598 Note
856 2544 952 2598 auf
988 2546 1066 2597 sie
1101 2544 1210 2611 fiel,
1254 2547 1313 2595 in
1359 2544 1463 2596 den
1503 2547 1727 2596 meisteu
1781 2545 2041 2611 mehrere,
2090 2546 2455 2613 ausgedriickt
2499 2548 2716 2598 werden
2751 2548 2975 2601 konnte’

272 2635 465 2702 (praef.
502 2650 556 2701 p.
591 2633 759 2700 XIX).

449 2719 492 2788 ²)
530 2720 744 2773 Talium
780 2736 1060 2788 nugarum,
1085 2726 1148 2772 ut
1169 2736 1268 2787 par
1295 2725 1426 2785 erat,
1463 2733 1497 2770 a
1520 2721 1653 2771 viris
1680 2719 1853 2770 doctis
1878 2720 2196 2772 reiectarum
2222 2718 2315 2790 (cf.
2343 2722 2645 2775 Brambach
2676 2722 2972 2786 ,Kritische

272 2808 604 2876 Streifziige’
640 2809 779 2861 Mus.
817 2810 986 2860 Rhen.
1023 2807 1176 2859 XXV
1215 2808 1396 2873 (1870)
1419 2823 1472 2872 p.
1513 2810 1813 2871 232-252,
1839 2807 2004 2858 Henr.
2043 2807 2284 2859 Schmidt
2318 2809 2401 2859 111
2419 2825 2471 2875 p.
2509 2812 2575 2860 23
2612 2810 2751 2877 sqq.)
2789 2819 2978 2863 auctor

271 2898 506 2964 quodam
553 2896 712 2947 modo
763 2896 866 2948 fuit
901 2896 1129 2948 Carolus
1181 2895 1500 2946 Lachmann
1553 2898 1610 2945 in
1666 2895 1823 2958 libro,
1882 2898 2036 2946 cuius
2094 2911 2241 2945 nunc
2293 2896 2406 2947 fere
2452 2898 2690 2950 extincta
2746 2905 2829 2950 est
2866 2916 2974 2952 me·-

269 2987 468 3041 moria:
509 2984 601 3048 ,de
637 2984 862 3035 choricis
899 2983 1199 3049 systematis
1223 2984 1548 3048 tragicorum
1576 2980 1932 3033 Graecorum’
1958 2982 2193 3032 Beroliui
2232 2984 2384 3045 1819,
2422 2982 2516 3033 ubi
2555 2985 2695 3035 hanc
2736 2986 2966 3050 primam

271 3074 510 3124 omnium
548 3071 724 3138 legem
763 3088 879 3123 esse
920 3072 1126 3134 statuit,
1165 3075 1241 3135 ,ut
1276 3068 1491 3137 singula
1526 3070 1868 3135 stropharum
1903 3073 2216 3135 systemata,
2254 3084 2283 3118 e
2321 3074 2684 3135 quotcumque
2719 3073 2965 3137 partibus

273 3161 575 3227 composita
609 3160 732 3224 sint,
768 3161 827 3210 in
863 3159 1031 3210 talem
1068 3174 1319 3209 versuum
1356 3173 1637 3209 numerum
1678 3156 1892 3208 extendi
1948 3156 2197 3222 debeant,
2253 3157 2401 3223 quali
2457 3157 2745 3208 dividendo
2791 3164 2969 3225 septe-

274 3250 464 3299 narius
500 3263 754 3298 numerus
790 3246 1021 3298 sufficiat
1045 3247 1097 3297 h.
1135 3263 1181 3298 e.
1218 3251 1279 3297 ut
1304 3251 1398 3297 aut
1421 3245 1852 3312 quattuordecim
1888 3243 2133 3295 versibus
2160 3250 2406 3295 constent
2429 3250 2524 3296 aut
2547 3260 2655 3295 uno
2683 3250 2738 3296 et
2772 3247 2969 3312 viginti

276 3340 375 3387 aut
391 3334 794 3401 duodetriginta
812 3341 905 3385 aut
923 3335 1064 3385 ultra
1083 3334 1270 3385 eadem
1292 3330 1726 3400 ratione.'(p.37.)
1747 3337 2001 3397 ceterum,
2038 3336 2100 3382 ut
2136 3332 2272 3383 haec
2326 3331 2538 3397 addam,
2585 3348 2697 3383 non
2741 3332 2967 3384 facimus

269 3438 392 3473 cum
430 3424 504 3474 M.
542 3421 853 3487 Schmidtio,
892 3423 984 3487 qui
1019 3421 1078 3471 in
1112 3420 1448 3471 Lachmanni
1482 3420 1618 3471 libro
1659 3422 1736 3470 ait
1769 3425 1881 3471 tam
1919 3418 2089 3470 multa
2133 3420 2349 3485 egregie
2395 3420 2681 3471 observata
2739 3436 2877 3484 esse,
2915 3426 2975 3472 ut

273 3511 439 3561 etiam
476 3526 619 3561 nunc
656 3509 921 3560 bonorum
962 3510 1223 3558 seminum
1258 3510 1430 3559 instar
1467 3524 1575 3559 nou
1611 3510 1753 3559 inter
1788 3522 1981 3573 vepres
2018 3507 2230 3559 abiecta
2265 3509 2461 3573 sperni,
2516 3507 2611 3558 sed
2666 3508 2736 3560 ad
2795 3523 2964 3559 novos

269 3598 480 3649 fructus
514 3597 762 3647 ferendos
799 3595 1141 3647 disseminari
1195 3602 1501 3647 mereantur
1556 3595 1630 3659 (v.
1680 3596 2221 3661 coqmmentationemx
2277 3593 2368 3658 ,de
2408 3594 2592 3645 Caroli
2632 3596 2969 3646 Lachmanni

272 3685 471 3736 studiis
508 3684 746 3734 metricis
783 3687 930 3734 recte
967 3679 1364 3733 aestimandis’.
1403 3682 1520 3732 Ind.
1558 3682 1723 3733 schol.
1760 3683 2126 3733 universitatis
2162 3681 2411 3733 Jenensis
2451 3680 2628 3747 1880).

459 3771 499 3837 ¹)
535 3772 757 3827 Praeter
794 3776 965 3821 artem
1004 3766 1300 3835 metricam,
1338 3770 1491 3821 cuius
1528 3768 1701 3820 altera
1737 3769 1902 3821 editio
1944 3772 2077 3821 1879
2130 3770 2345 3835 prodiit,
2417 3769 2705 3837 plurimum
2750 3768 2973 3820 luminis

271 3858 470 3911 adtulit
504 3860 845 3910 trisemorum
880 3858 1075 3908 rationi
1112 3856 1485 3907 inlustrandae
1521 3855 1887 3921 disputatione
1924 3859 2170 3924 egregia:
2221 3857 2355 3923 ,Die
2391 3856 2754 3923 rhythmische
2791 3854 2973 3905 Conti-

269 3949 446 3998 nuitat
500 3946 596 3996 der
651 3944 1021 4013 griechischen
1064 3944 1476 4011 Chorgesiinge’
1515 3944 1633 3996 Act.
1670 3944 1826 3996 acad.
1863 3945 2050 3998 bavar.
2086 3945 2243 3997 class.
2279 3946 2321 3997 L
2360 3944 2467 3996 vol.
2514 3942 2657 3995 XIV.
2692 3957 2819 4007 pars
2875 3941 2973 3991 111.

270 4034 548 4085 Monachii
589 4036 738 4085 1878.

1425 4225 1831 4234 ——-.-—-——..—-——
