3300 5059
343 208 466 268 272

342 406 521 471 saret,
588 395 747 475 quod
814 394 1050 454 abesset
1112 414 1147 452 a
1209 396 1409 473 patria
1480 396 1572 471 (fr.
1645 398 1682 454 5
1755 406 1815 454 et
1888 391 1995 479 15)
2046 396 2428 475 eundemque
2475 395 2687 456 habuit
2731 398 2793 455 in
2844 407 3050 456 mente

339 507 535 561 lunum
588 499 660 559 de
708 503 800 559 off.
852 499 948 559 ΠΙ
1004 503 1098 572 15,
1149 501 1249 560 62.
1300 497 1376 559 de
1420 509 1543 562 nat.
1592 499 1757 565 deor.
1805 501 1907 559 ΙΙΙ
1953 503 2054 575 25,
2124 504 2204 562 65
2269 522 2359 579 sq.
2430 501 2595 560 illius
2640 501 3050 561 reminiscitur

343 607 668 683 soliis-quii,
748 627 864 683 quo
944 603 1154 663 Medea
1230 605 1547 664 consilium
1614 625 1791 665 suum
1854 604 2093 665 videtur
2161 606 2534 685 exposuisse,
2608 626 2733 684 qua
2810 608 3048 665 ratione

343 731 563 791 porussis
642 711 968 787 repetitura
1044 717 1199 768 esset
1259 708 1335 767 ab
1398 709 1617 770 Iasone
1682 707 1781 794 (fr.
1850 713 1886 770 8
1953 719 2014 769 et
2079 713 2135 783 9,
2200 712 2318 769 inc.
2387 710 2507 771 inc.
2579 711 2618 773 f.
2684 706 2817 792 90).
2898 710 3045 789 quid

343 815 503 895 quod
551 815 840 875 nonnulla
888 815 1140 875 Medeae
1205 814 1364 873 dicta
1425 816 1491 874 in
1556 835 1929 875 communem
1992 815 2274 876 videntur
2339 814 2560 875 abiisse
2609 836 2803 887 usum,
2877 815 3047 875 velut

343 923 507 979 locus
576 923 700 995 ille,
768 943 888 999 qua]
952 939 1016 979 se
1084 920 1357 980 miseram
1404 928 1586 999 atque
1633 922 1876 1000 inopem
1923 920 1998 979 ab
2046 920 2324 980 omnibus
2373 940 2503 980 csse
2549 919 2848 979 desertam
2897 940 3040 980 con-

347 1027 640 1103 qumitur:

832 1151 956 1211 *quo
996 1143 1136 1195 nunc
1172 1160 1256 1194 me
1293 1146 1543 1194 nortam‘?
1582 1142 1725 1209 quod
1761 1146 1866 1211 iter
1900 1145 2156 1211 incipiam
2193 1142 2448 1209 ingredi?

836 1227 1048 1279 [lemtim
1086 1237 1437 1296 patei-namne
1474 1227 1613 1281 aune
1655 1230 1722 1280 ad
1762 1231 1946 1282 Peliae
1983 1229 2187 1285 {ssiasP’
2224 1230 2308 1298 (fr.
2350 1231 2453 1297 10).

347 1395 499 1455 quae
568 1371 752 1431 verba
824 1381 884 1431 et
952 1371 1225 1431 Graccho
1289 1369 1443 1455 (Cic.
1509 1370 1585 1431 de
1632 1394 1717 1431 or.
1765 1373 1867 1431 ΙΙΙ
1914 1373 2017 1445 56,
2067 1375 2213 1446 214,
2263 1372 2471 1446 Quint.
2519 1373 2618 1432 XI
2665 1376 2724 1446 3,
2779 1370 2931 1455 115)
2983 1383 3047 1433 et

347 1479 620 1539 Ciceroni
672 1479 788 1559 ipsi
834 1499 940 1555 pru]
992 1479 1141 1537 Mur.
1171 1478 1295 1549 241,
1345 1479 1426 1535 88
1483 1484 1628 1536 ante
1689 1476 1892 1536 oculos
1959 1484 2197 1536 versata.
2261 1497 2396 1538 esse
2459 1477 2765 1564 videntur,
2838 1498 3043 1557 quam·

351 1607 527 1663 quam
608 1583 668 1639 id
744 1583 988 1663 quidem
1064 1601 1172 1660 pro
1248 1589 1409 1640 certo
1485 1579 1789 1639 adfirmari
1861 1582 2087 1655 nequit.
2181 1579 2536 1641 Ciceronem
2614 1591 2813 1642 autem
2889 1581 3050 1642 hanc

347 1691 612 1747 fabulam
664 1687 888 1747 vidisse
936 1699 1128 1747 actam
1174 1688 1225 1746 si
1273 1705 1351 1744 ex
1393 1686 1543 1758 loco,
1611 1687 1713 1759 qui
1761 1693 1850 1745 est
1895 1685 1972 1744 de
2019 1706 2102 1745 or.
2150 1686 2253 1745 ΠΙ
2299 1689 2402 1760 58,
2483 1689 2628 1761 217,
2693 1695 3048 1762 statuemus,

347 1799 596 1855 fortasse
674 1815 792 1851 non
872 1791 1221 1851 errabimus.
1316 1791 1516 1867 agitur
1590 1773 1751 1848 enim
1830 1788 1937 1861 ibi,
1980 1811 2132 1869 ·quo
2207 1791 2373 1850 vocis
2437 1810 2661 1869 genere
2734 1791 2798 1850 in
2866 1794 3052 1851 variis

351 1899 527 1955 animi
580 1895 836 1955 motibus
884 1915 1032 1975 opus
1080 1896 1156 1955 sit
1200 1895 1406 1965 actori,
1483 1913 1684 1971 neque
1752 1893 2001 1952 dubium
2071 1902 2178 1967 est,
2256 1896 2403 1973 quin
2469 1892 2703 1968 Cice10‚
2773 1896 3055 1976 exempla

351 2027 483 2063 cum
527 2011 900 2079 congereret,
968 2023 1068 2059 eas
1140 2001 1201 2057 in
1248 2000 1457 2078 primis
1501 1998 1840 2076 respexerit
1883 1996 2121 2056 fabulas
2169 2007 2229 2057 et
2272 1998 2457 2079 locos,
2506 2018 2664 2078 quae
2711 2017 2786 2057 ex
2833 2020 3056 2060 scaena

351 2111 479 2187 ipsa
527 2107 812 2163 memoria
856 2103 1117 2162 tenebat.
1168 2103 1375 2180 itaque
1422 2102 1605 2159 etiam
1650 2100 1840 2160 verba
1887 2100 1995 2159 illa
2043 2106 2181 2180 ‘quo
2215 2103 2376 2161 nunc
2424 2146 2438 2159 .
2489 2150 2502 2163 .
2555 2150 2568 2163 .
2617 2100 2863 2181 filias?'‚
2914 2125 3054 2185 cum

351 2215 800 2271 miserat-ionem
848 2211 1189 2287 exprimant
1236 2227 1307 2265 ac
1354 2225 1704 2280 maerorem,
1754 2206 2026 2281 flexibili,
2072 2208 2282 2287 plena,
2333 2210 2672 2289 interrupta
2711 2214 2872 2269 'voce
2918 2230 3055 2289 pro-

347 2315 684 2375 nuntianda
732 2335 860 2371 esse
928 2311 1252 2375 contendit.
1330 2332 1529 2389 neque
1573 2331 1718 2371 vero
1766 2312 2053 2391 omittam,
2122 2333 2303 2392 quam
2345 2316 2544 2374 facete
2590 2313 2824 2388 CicerO,
2895 2334 3058 2392 quae

351 2423 543 2483 emon
596 2423 744 2479 dicit.
788 2419 864 2475 aa
912 2419 1185 2475 Massam
1234 2416 1421 2475 verba
2426 2395 2435 2401 ”

1145 2572 1207 2620 ‘si
1244 2568 1299 2620 16
1337 2570 1571 2621 secundo
1610 2568 1810 2621 lumine
1849 2571 1936 2621 hic
1973 2569 2247 2622 offendero

1146 2656 1389 2707 moriere'
1428 2656 1511 2723 (fr.
1553 2660 1599 2721 7,
1642 2658 1708 2708 cf.
1746 2658 1877 2710 Eur.
1912 2659 2056 2709 Med.
2094 2661 2218 2725 352)

351 2803 692 2863 adhibuerit
736 2803 796 2859 iu
848 2803 1108 2879 epistula
1155 2799 1229 2858 ad
1276 2800 1551 2861 Atticum
1596 2822 1633 2860 a.
1681 2800 1922 2883 705s49
1973 2802 2114 2861 data
2162 2798 2314 2887 (VII
2364 2806 2464 2876 26,
2518 2798 2602 2886 1).
2651 2803 2859 2863 scribit
2888 2806 3063 2867 enim

351 2911 423 2967 tls
475 2911 752 2967 Caesaris
800 2907 980 2967 celeri
1032 2914 1253 2967 eventu
1298 2908 1563 2985 fugaque
1609 2907 1886 2986 Pompei.
1978 2928 2042 2966 se
2106 2909 2304 2986 ipsum
2367 2908 2578 2985 fugere
2643 2907 2803 2968 velle
2867 2919 3065 2987 negat

351 3015 451 3095 (cf,
503 3015 624 3071 ᾙΗ
676 3011 812 3095 24]:
868 3015 1087 3071 *emnia
1133 3020 1304 3071 erant
1347 3012 1512 3070 facta
1543 3011 1659 3071 hoc
1688 3011 1873 3072 biduo
1904 3012 2180 3072 laetiora.
2232 3013 2641 3095 itaque‘fuga,
2692 3032 2847 3091 quae
2876 3034 3063 3093 para-

351 3119 547 3199 batur,
596 3139 872 3199 repressa
940 3127 1048 3179 cst.
1140 3114 1416 3175 Caesaris
1471 3114 1805 3176 interdicta
1870 3118 1939 3176 ‘si
1988 3118 2048 3176 te
2095 3162 2109 3175 .
2163 3162 2174 3175 .
2228 3162 2242 3174 .
2290 3116 2616 3177 offendero’
2665 3118 3062 3197 respuuntur'

351 3227 455 3307 μί’.
507 3227 688 3283 etiam
732 3243 844 3303 pru
892 3223 1044 3283 Rata.
1093 3221 1259 3282 Post.
1314 3223 1414 3298 11,
1488 3218 1618 3303 29).
1697 3220 1802 3281 sed
1871 3229 1935 3279 ut
1988 3222 2140 3280 haec
2184 3221 2304 3280 iam
2350 3221 2754 3295 absolvamus,
2823 3221 3066 3283 addere

351 3331 523 3387 nohis
572 3331 768 3407 liccat,
838 3327 1052 3407 quibus
1110 3326 1257 3385 locis
1305 3337 1545 3405 praeter
1593 3347 1715 3398 ece,
1781 3345 1930 3405 quos
1995 3328 2476 3406 commemoravi,
2542 3326 2618 3386 ad
2663 3327 2821 3387 hanc
2864 3329 3066 3388 Ennii

351 3435 620 3495 fabulam
664 3435 932 3507 legentes
980 3451 1267 3491 revocare
1316 3431 1594 3490 videatur
1640 3428 1881 3490 Cicero:
1958 3428 2063 3491 Or.
2135 3434 2238 3505 46,
2311 3432 2431 3490 155
2485 3433 2629 3513 (inc.
2676 3434 2720 3495 f.
2771 3429 2903 3517 26),
2975 3434 3069 3495 de

351 3551 475 3599 nat..
527 3539 688 3595 deur.
740 3539 836 3595 III
888 3539 988 3615 25,
1060 3539 1139 3596 ⁴37
1207 3532 1351 3619 (inc.
1400 3536 1517 3598 inc.
1564 3536 1605 3593 f.
1660 3532 1793 3618 93),
1861 3555 1971 3614 pro
2016 3556 2162 3615 rege
2205 3536 2412 3595 Deiot.
2494 3540 2552 3610 9,
2605 3539 2685 3597 25
2735 3533 2879 3619 (inc.
2931 3539 3062 3601 inc.

351 3651 391 3703 f.
443 3647 580 3723 ΕΒ),
628 3663 736 3719 pru
784 3643 932 3699 Rah.
988 3643 1147 3699 Post.
1201 3645 1302 3717 11,
1356 3642 1434 3698 29
1484 3636 1627 3722 (inc.
1678 3640 1794 3702 inc.
1842 3640 1886 3701 f.
1937 3635 2072 3723 87),
2123 3642 2306 3700 Tusc.
2341 3640 2475 3701 1111
2513 3643 2616 3718 32,
2668 3643 2746 3700 69
2796 3639 2895 3725 (fr.
2925 3642 3065 3722 11).

559 3747 764 3827 Atque
812 3747 1090 3827 qusniam
1133 3745 1333 3805 locum
1378 3744 1551 3803 illum
1599 3743 2065 3806 Ciceronianum
2112 3744 2188 3805 de
2234 3768 2319 3811 or.
2369 3747 2472 3806 ΠΙ
2520 3749 2625 3824 58,
2678 3746 2802 3806 217
2851 3748 3061 3830 attigi,

351 3859 547 3915 statim
644 3851 968 3931 adiungam
1044 3851 1563 3910 Alcumeonem
1657 3850 1923 3910 fabulam
2015 3851 2216 3924 (Ribb.
2309 3853 2495 3928 Trag.
2573 3852 2750 3911 Rom.
2828 3852 2899 3910 fr.
2989 3874 3061 3931 p.

355 3963 427 4019 1?
510 3983 664 4039 sqq„
740 3959 948 4015 Eoum.
1028 3955 1212 4032 Trag.
1278 3976 1341 4035 p.
1419 3958 1540 4017 197
1604 3952 1788 4039 sqq.),
1867 3975 1944 4016 ex
2013 3977 2133 4036 qua
2199 3954 2411 4017 Cicero
2466 3958 2598 4016 loco
2664 3956 2771 4015 illo
2851 3976 3062 4015 exem-

351 4067 515 4143 plum
592 4063 748 4143 petit
824 4059 900 4119 ad
960 4059 1407 4139 explanandum
1484 4062 1640 4141 quod
1720 4060 1835 4119 sibi
1899 4069 2319 4141 proposuerat.
2411 4060 2814 4120 inducebatur
2848 4095 2852 4100 »
2890 4066 3061 4120 enim

355 4171 672 4243 Alcmeo,
740 4187 872 4223 cum
924 4175 1171 4224 matrem
1236 4173 1560 4239 necasset„
1593 4166 1769 4224 sicuti
1819 4163 2064 4225 Orestes
2112 4186 2149 4224 a
2192 4166 2364 4225 furiis
2413 4166 2787 4243 exagitatus:
2867 4173 3064 4245 atque

351 4295 604 4335 scaenae
672 4271 836 4343 illae,
904 4271 1119 4351 quihus
1184 4268 1284 4328 vel
1349 4270 1647 4327 miseriam
1713 4290 1884 4329 suam
1933 4270 2207 4343 deplorat
2253 4271 2354 4329 vel
2400 4272 2550 4330 visis
2597 4290 2707 4349 per
2752 4271 3062 4329 insaniam

351 4379 640 4459 portentis
692 4379 1012 4435 exterritus
1060 4375 1350 4435 auxilium
1395 4377 1549 4454 petit
1598 4374 1674 4433 ab
1721 4375 1981 4435 Arsione
2044 4377 2145 4435 vel
2191 4374 2628 4455 Alphesiboea,
2698 4374 3062 4435 Ciceronem

355 4483 451 4539 vel
499 4483 756 4539 nia-aime
808 4482 1199 4539 summovisse
1243 4478 1548 4537 videntur:
1626 4478 1703 4538 ad
1749 4478 1858 4539 has
1906 4481 2084 4552 enim,
2152 4479 2517 4560 ubicumque
2563 4479 2725 4539 hanc
2789 4500 3051 4541 comme·
