3300 5059
164 180 229 239 240
285 187 289 193 “

165 372 219 434 der
241 378 363 460 Rdmer,
386 380 572 441 namentlicb
588 378 719 444 Cicero’s
742 384 805 445 und
820 380 933 445 Horaa’
957 382 1010 442 der
1033 382 1240 461 griechischen
1259 382 1392 461 Bildung
1407 402 1520 463 gegen-

164 479 262 557 iiber’,
298 484 412 566 quippe
440 505 523 571 puae
554 487 671 567 aliquid
698 489 822 550 valeant
853 488 892 549 ad
923 487 1133 549 illustrandam
1167 508 1232 547 eam
1265 488 1426 562 rationem,
1462 508 1522 570 qua

169 585 207 646 de
233 586 360 649 Graecis
383 589 532 651 iudicavit
554 589 670 655 Cicero.
708 594 761 655 sed
784 594 822 655 de
855 594 989 655 eiusdem
1011 592 1189 651 Latinorum
1220 600 1378 672 poetarum
1411 592 1521 653 studiis

165 688 255 752 nemo'
278 691 386 770 adbuc,
411 704 558 776 quantum
580 717 636 777 ego
659 700 730 775 scio,
764 700 933 759 accuratius
956 698 1027 778 egit,
1062 717 1247 777 quamquam
1278 697 1326 757 hic
1360 696 1425 756 illic
1460 718 1521 759 non

166 817 265 879 pauca
290 798 442 881 disputata
464 811 534 862 sunt
557 802 595 864 de
621 804 739 879 studiis,
772 825 851 886 quae
873 801 980 865 Cicero
1004 802 1151 883 impendit
1178 804 1209 862 in
1231 823 1326 862 unum
1349 802 1520 863 alterumve

167 911 328 984 poetarum
346 924 415 970 ¹seu
445 915 583 967 veterum
618 927 672 968 seu
707 910 888 990 aequalium.
898 908 921 988 ¹)
953 928 1030 989 quae
1064 927 1131 968 cum
1163 908 1207 967 ita
1238 908 1307 980 sint,
1344 906 1423 965 banc
1454 926 1521 966 eru-

166 1008 288 1070 ditionis
310 1009 526 1072 Ciceronianae
549 1021 677 1094 partem,
704 1034 782 1096 quas
805 1014 938 1095 pertinet
959 1011 998 1073 ad
1017 1021 1176 1093 poetarum
1190 1010 1367 1071 Latinorum
1384 1009 1520 1073 studium

167 1123 199 1175 et
222 1116 487 1194 existimationem,
511 1121 717 1201 pervestigare
738 1121 812 1180 mihi
835 1120 988 1201 proposui.
1027 1140 1107 1194 narn,
1131 1137 1201 1177 cum
1221 1116 1279 1179 hoc
1302 1116 1341 1177 ad
1365 1115 1521 1177 Ciceronis

167 1229 198 1282 et
219 1222 316 1282 vitam
345 1243 505 1305 moresque
536 1234 568 1285 et
599 1224 701 1286 studia
731 1245 890 1307 genusque
922 1221 1075 1287 scribendi
1107 1224 1274 1286 accuratius
1308 1221 1521 1303 pernoscenda

167 1347 229 1387 non
249 1326 494 1401 levismomonti
518 1349 584 1391 esse
606 1330 755 1407 videatur,
789 1352 899 1412 operae
922 1332 1053 1411 pretium
1074 1331 1139 1390 iore
1162 1348 1271 1389 censeo
1295 1328 1406 1403 omnia,
1440 1347 1522 1409 quae

168 1431 221 1492 ille
242 1432 316 1492 {ecit
348 1431 386 1493 do
416 1435 514 1515 poetis
536 1435 666 1510 Latinis,
698 1436 810 1496 iudicia
833 1434 975 1515 colligere
1007 1443 1038 1495 et
1070 1454 1129 1514 quo
1161 1432 1250 1493 modo
1274 1434 1306 1493 in
1329 1432 1442 1513 scripta
1465 1450 1522 1493 sua

167 1540 305 1618 ingerere
327 1539 434 1600 solitus
456 1541 496 1600 sit
517 1539 666 1602 delibatos
687 1551 847 1623 tamquam
864 1561 902 1601 ex
924 1542 1026 1621 poesis
1047 1538 1181 1600 fontibus
1203 1538 1317 1601 rivulos
1334 1537 1522 1600 examinaro.

170 1644 279 1726 quibus
301 1643 448 1705 absolutis
470 1666 530 1711 non
554 1645 677 1707 difficile
701 1648 758 1705 erit
780 1645 819 1705 ad
843 1644 1077 1717 diiudicandum,
1102 1652 1250 1726 quantum
1273 1642 1364 1703 studii
1387 1663 1421 1703 re
1444 1663 1520 1703 vera

169 1749 274 1811 Cicero
294 1748 477 1819 adhibuerit,
488 1751 520 1810 in
543 1750 724 1811 carminibus
745 1750 927 1811 lectitandis.

182 1874 185 1877 ·
274 1854 333 1915 Sed
357 1864 521 1937 antequam
544 1855 582 1915 ad
605 1875 668 1915 rem
690 1858 788 1937 ipsam
812 1855 979 1935 adgrediar,
1012 1855 1118 1935 paucis
1141 1852 1215 1913 mibi
1238 1852 1328 1913 liceat
1352 1872 1518 1933 exponere,

147 1959 244 2042 ,quid
267 1958 373 2031 Cicero
400 1961 432 2019 in
460 1961 633 2021 universum
656 1963 784 2022 senserit
807 1959 846 2020 de
867 1959 953 2042 poesi
975 1954 1172 2041 postisque.²)
1205 1964 1297 2038 atque
1326 1977 1394 2018 eum
1417 1956 1522 2017 adule-

173 2075 306 2128 scentem
328 2068 360 2126 in
382 2066 488 2148 primis
511 2087 547 2126 ea
570 2065 608 2127 de
630 2087 721 2127 causa
752 2066 851 2146 poetis
872 2064 1088 2147 pernoscendis
1111 2061 1271 2147 studuisse,
1305 2071 1338 2123 ut
1360 2060 1523 2123 verborum

170 2173 289 2254 copiam
303 2159 306 2162 ¹
320 2180 443 2252 augeret
475 2180 566 2253 atque
589 2173 755 2232 orationem
787 2192 872 2233 suam
904 2170 1066 2245 excoleret,
1099 2167 1193 2229 verba
1222 2167 1275 2231 illa
1307 2167 1344 2228 de
1368 2176 1522 2229 oratorum

170 2275 278 2338 studiis
300 2275 429 2357 prodere
449 2276 600 2352 videntur,
624 2298 703 2358 quae
728 2278 793 2357 ipse
814 2275 921 2336 tribuit
940 2274 1047 2336 Crasso
1064 2274 1101 2335 de
1118 2295 1158 2335 or.
1176 2273 1193 2334 I
1209 2274 1260 2349 34,
1280 2274 1355 2333 158:
1381 2272 1521 2352 ‘legendi

171 2384 261 2443 etiam
295 2392 405 2463 poetae
422 2431 444 2457 ⁴.
469 2428 476 2443 .
502 2428 510 2443 .
535 2430 542 2445 .
575 2384 709 2443 omnium
740 2382 893 2443 bonarum¹
923 2381 1030 2441 artium
1062 2380 1199 2441 doctores
1232 2388 1324 2461 atque
1356 2379 1520 2460 scriptores

160 2487 294 2569 ¹legendi
317 2496 347 2549 et
367 2488 581 2569 pervolutandi
604 2497 634 2549 et
657 2488 942 2549 exercitationis
968 2480 1077 2547 ¹causa
1102 2481 1257 2560 laudandi,
1287 2482 1520 2565 interpretandi,

172 2592 350 2675 corrigendi,
372 2594 576 2675 vituperandi,
599 2593 778 2657 refellendi'
801 2593 882 2653 hunc
906 2592 985 2652 enim
1008 2599 1166 2670 poetarum
1188 2588 1385 2670 legendorum
1406 2606 1520 2648 morem

172 2699 276 2762 Cicero
298 2718 331 2759 se
354 2700 507 2781 accepisse
526 2700 568 2761 ait
584 2719 602 2760 a
618 2698 741 2759 Graecis
758 2694 811 2784 (cf.
828 2698 920 2760 Tusc.
936 2694 971 2756 ΙΙ
989 2698 1037 2773 11,
1055 2691 1121 2777 26),
1138 2714 1227 2775 quem
1243 2714 1357 2755 morem
1374 2712 1408 2754 eo
1425 2692 1522 2771 magis

171 2814 290 2867 secutus
324 2813 378 2882 est,
413 2805 494 2887 quod
528 2806 737 2885 cognationem
769 2802 920 2886 quandam
952 2800 1138 2862 intercedere
1165 2800 1244 2860 inter
1266 2807 1373 2881 poetas
1396 2807 1427 2858 et
1457 2818 1523 2859 ora-

171 2921 251 2973 tores
274 2910 331 2973 sibi
352 2920 545 2993 persuaserat
567 2911 618 2991 (do
641 2931 684 2972 or.
706 2910 758 2971 ΙΙΙ
781 2912 811 2987 7,
836 2911 892 2985 273
916 2907 934 2969 Ι
958 2909 1008 2982 16,
1031 2902 1099 2989 70).
1123 2914 1153 2966 et
1175 2912 1321 2987 quantum
1344 2903 1391 2965 bis
1413 2903 1524 2965 studiis

172 3018 305 3093 deberet,
329 3019 396 3101 ipss
419 3025 524 3098 aperte
544 3018 695 3077 confessus
712 3024 758 3077 est
771 3035 827 3096 pro
844 3012 934 3077 Arcb.
952 3016 981 3089 6,
1002 3015 1053 3074 16:
1081 3016 1189 3093 ‘atque
1205 3010 1263 3070 boc
1280 3009 1311 3091 (i.
1324 3016 1524 3090 specterum

172 3123 316 3201 studium)
328 3142 364 3183 eo
380 3113 454 3183 mibi
471 3116 695 3184 concedendum
711 3130 755 3183 est
772 3120 877 3200 magis,
895 3116 974 3200 quod
989 3112 1033 3177 eir
1048 3116 1105 3177 his
1121 3114 1255 3177 studiis
1270 3114 1361 3175 haec
1377 3135 1526 3197 quoque

173 3230 309 3291 crescit
331 3231 449 3292 oratio
472 3239 508 3290 et
529 3228 786 3289 facultas....‘
806 3242 969 3307 quaecum
987 3224 1031 3282 ita
1053 3223 1123 3298 sint,
1145 3220 1321 3282 Ciceronem
1345 3219 1526 3281 adulescen-

175 3345 236 3398 tem
261 3334 443 3397 carminibus
466 3334 604 3415 legendis
620 3354 743 3416 operam
766 3330 885 3392 dedisse
901 3325 1092 3390 statuendum
1113 3334 1167 3405 est,
1191 3328 1287 3408 magis
1303 3335 1337 3386 ut
1360 3327 1527 3387 inserviret

175 3440 282 3503 studiis
305 3442 453 3517 oratoriis,
478 3462 569 3523 quam
590 3439 670 3522 quod
684 3459 758 3499 vera
780 3434 965 3497 imbueretur
984 3435 1084 3517 poesis
1107 3432 1316 3495 admiratione,
1338 3450 1438 3511 neque
1462 3430 1528 3489 alia

175 3546 327 3609 decanea
350 3546 438 3621 Arati
462 3547 650 3629 Φαινόμενα
682 3564 758 3625 quae
781 3542 984 3603 inscribuntur
1006 3541 1042 3602 'et
1066 3537 1302 3626 Προγνωστικά
1332 3538 1363 3599 in
1386 3536 1550 3627 linguam'

173 3723 380 3738 Π-ι-ὺι-Ι-

281 3810 302 3880 1)
321 3810 382 3861 Hoc
407 3808 537 3874 opusculo
563 3809 617 3858 iam
644 3806 768 3857 absoluto
793 3804 825 3856 G.
852 3802 976 3867 Hartelii,
1003 3803 1124 3868 magistri
1151 3800 1327 3864 dilectissimi,
1354 3798 1527 3865 benignitate

173 3916 279 3955 mecum
297 3898 494 3951 communicata
507 3900 548 3947 est
559 3896 592 3949 Ε.
602 3893 795 3959 Schollmeyeri
807 3892 969 3945 dissertatioe
985 3890 1070 3953 ‘Quid
1083 3889 1177 3941 Cicero
1194 3886 1227 3939 de
1238 3887 1326 3953 poetis
1338 3885 1528 3937 Romanorum

173 3984 349 4051 iudicaverit‘,
360 3985 439 4036 Halia
449 3984 510 4036 Sax.
522 3985 595 4035 1884.
614 3998 693 4051 quam
706 3983 921 4034 dissertationem
940 3978 1006 4031 mibi
1024 3994 1079 4029 non
1096 3978 1171 4044 prius
1188 3976 1340 4027 innotuisse
1352 3974 1426 4025 haud
1439 3987 1526 4040 aegre

174 4078 237 4130 tulis
256 4075 355 4128 etenim
375 4088 455 4140 quem
472 4071 534 4123 Sch.
551 4087 600 4138 per
617 4072 719 4137 priores
737 4069 914 4121 duodecim
932 4068 1045 4134 paginas
1061 4064 1175 4131 praebet
1194 4064 1318 4115 locorum
1340 4066 1528 4128 conspectum,

174 4168 273 4236 quibus
286 4163 381 4215 Cicero
400 4162 493 4212 citavit
510 4164 612 4225 poetas,
631 4158 744 4209 eundem
763 4158 887 4209 invenies
906 4156 1021 4206 maxima
1039 4157 1159 4219 exparte
1178 4150 1228 4202 sub
1242 4148 1356 4226 singulis
1369 4147 1528 4199 nominibus

173 4258 202 4307 in
221 4252 395 4319 Onomastico
413 4247 548 4301 Tulliano.
567 4250 657 4297 cetera
675 4252 774 4310 autem,
792 4259 862 4312 quae
873 4243 935 4295 Scb.
945 4242 1103 4308 conspectui
1120 4238 1162 4289 illi
1179 4254 1226 4306 per
1245 4235 1389 4288 sedecim
1408 4235 1528 4301 paginas

175 4345 349 4411 insequentes
367 4337 497 4401 adiunxit,
525 4333 669 4386 admodum
686 4336 780 4384 ieiuna
797 4339 861 4383 sunt
880 4337 906 4382 et
924 4345 994 4397 quae
1014 4330 1058 4379 vix
1086 4327 1209 4378 altiorem
1227 4323 1381 4389 legentibus
1400 4321 1529 4373 adferant

175 4429 315 4491 Ciceronis
332 4426 481 4478 studiorum
501 4424 691 4488 cognitionem.

281 4511 301 4586 Ξ)
321 4514 361 4570 Cf.
381 4515 529 4574 Drumann,
548 4510 643 4563 Cesch.
662 4509 745 4563 Roma
763 4509 795 4557 V.
815 4523 840 4573 p.
860 4505 920 4569 220,
938 4503 985 4553 Vl.
1002 4518 1029 4567 p.
1048 4502 1098 4551 682
1109 4517 1148 4566 sq.
