3300 5059
1436 184 1480 205 vult*
1497 188 1514 217 ιι
1533 186 1590 215 team
1613 193 1624 218 p

1420 238 1421 241 ,
1472 228 1481 239 ιῚ
1493 216 1515 245 ’“’,
1565 214 1601 245 ,fd-,2

1442 248 1454 273 ἰ
1474 256 1481 265 '-
1560 248 1610 274 ww.

1411 272 1474 335 sss

1549 314 1550 317 ,
1578 292 1614 317 ’,ἰ

1507 319 1508 325 ¹
1567 312 1624 339 Ἶρι,

1583 360 1619 383 ἶῚ

1577 384 1585 403 ι’·
1601 381 1626 406 l»

125 459 226 511 autem
249 452 354 512 Cicero
379 451 521 514 Catulum
544 458 588 517 sio
610 457 682 517 facit
704 456 742 517 ad
767 457 933 519 Antonium
956 458 1034 519 salse
1057 460 1246 540 loquentem:
1284 463 1399 543 ‘itaque
1424 484 1475 527 eos

127 553 339 641 (Carneadem,
363 557 538 636 Critolaum,
562 559 758 646 Diogenem),
789 562 860 623 dum
882 564 996 625 Romae
1024 573 1135 644 essent,
1159 610 1165 625 .
1191 612 1198 628 .
1223 610 1230 624 .
1256 613 1262 629 .
1288 576 1319 626 et
1341 567 1378 627 ab
1404 570 1473 631 aliis
1574 538 1622 647 :ſs

122 666 296 745 frequenter
318 664 449 741 audit0s3
475 688 550 747 qnos
573 677 604 728 tu
637 689 703 728 oum
735 668 862 729 haberes
895 679 1041 745 auctores,
1065 671 1157 731 miror
1185 692 1237 731 cur
1259 672 1473 754 philosophiae

122 770 198 829 sicut
226 769 340 833 Zethus
369 772 423 832 ille
445 773 638 833 Pacuvianus
670 794 766 855 prope
794 774 911 835 bellum
941 774 1105 840 indixeris.
1138 776 1175 835 ad
1211 797 1290 857 quae
1321 778 1474 841 Antonius
1552 844 1554 849 ,
1585 766 1612 871 ..ζ

122 892 212 934 versu
242 874 384 938 Enniano
415 877 577 958 respondet
607 879 714 953 facete,
747 878 785 938 de
819 899 879 959 quo
911 878 982 939 vide
1013 901 1044 960 p.
1069 883 1143 941 281.
1167 882 1318 963 planeque
1346 883 1473 946 eandem
1586 874 1614 954 ’ῒὲ

120 998 182 1038 rem
207 980 346 1041 videmus
368 981 407 1041 de
428 1001 461 1042 re
484 982 568 1063 publ.
584 982 601 1042 I
619 986 668 1057 18,
694 985 735 1063 30
757 1003 775 1043 a
797 983 904 1043 Laelio
928 984 1050 1063 attingi:
1076 988 1176 1066 ‘atque
1199 985 1278 1047 idem
1296 985 1347 1071 (S.
1366 988 1473 1050 Aelius

123 1082 241 1171 Catus),
265 1087 373 1167 inquit,
413 1122 445 1132 -
482 1089 609 1148 multum
641 1089 723 1149 eriim
756 1089 843 1149 illurn
875 1088 1034 1149 audiebam
1067 1098 1097 1150 et
1127 1090 1258 1152 libenter
1283 1128 1319 1137 -
1345 1094 1472 1154 Zethum

121 1189 207 1249 illum
230 1192 356 1252 Pacuvii
380 1193 469 1252 nimis
491 1194 646 1253 inimicum
670 1193 823 1254 doetrinae
847 1214 912 1254 esse
935 1193 1073 1258 dicebat:
1099 1198 1195 1275 magis
1218 1216 1285 1257 eum
1303 1196 1473 1279 delectabat
1564 1174 1626 1275 s}

121 1294 338 1375 Neoptolemus
371 1298 474 1371 Ennii,
507 1300 558 1378 qui
590 1318 623 1359 se
654 1300 696 1358 ait
727 1298 936 1379 philosophari
967 1299 1059 1371 velle,
1093 1300 1146 1361 sed
1167 1302 1272 1382 paucis
1302 1347 1309 1365 .
1335 1348 1342 1362 .
1368 1347 1375 1362 .
1400 1304 1417 1367 ,⁹
1440 1312 1472 1365 at
1567 1351 1573 1359 ,ι

123 1402 262 1479 quamvis
284 1403 442 1462 notissima
464 1403 553 1464 inerit
575 1403 651 1465 haec
682 1403 795 1476 tabula,
832 1404 913 1485 apud
937 1403 1113 1465 Ciceronem
1145 1425 1204 1465 non
1228 1407 1297 1486 plus
1330 1416 1474 1487 quattuor
1529 1444 1543 1457 .

123 1506 174 1564 vel
198 1506 332 1587 quinque
354 1526 459 1568 versus
482 1528 521 1568 ex
544 1529 581 1569 ea
601 1509 691 1591 petiti
717 1510 917 1589 reperiuntur.
955 1508 994 1570 de
1016 1508 1078 1569 div.
1102 1510 1137 1570 ΙΙ
1161 1514 1211 1587 64,
1238 1514 1299 1572 133
1334 1511 1371 1573 de
1394 1492 1474 1573 som-
1589 1492 1620 1569 ”“.

120 1610 238 1670 niorum
270 1610 450 1673 obscuritate
482 1614 553 1692 agit,
594 1632 674 1694 quae
704 1622 738 1673 ut
760 1622 842 1673 recte
865 1614 1099 1695 interpretemur
1130 1613 1202 1674 deos
1233 1616 1315 1675 velle
1348 1614 1470 1693 debere,

125 1716 149 1774 si
174 1714 297 1794 quidem
319 1736 373 1777 nos
396 1717 440 1778 eis
462 1718 577 1779 moneri
587 1718 706 1789 .velint;
730 1727 885 1777 attamen
908 1718 1024 1779 somnia
1040 1719 1214 1799 saepissime
1238 1719 1275 1779 ab
1300 1720 1471 1782 hominibus
1578 1792 1582 1803 1

125 1840 185 1880 nen
207 1821 354 1901 intellegi.
388 1843 456 1883 nam
490 1842 527 1883 ea
554 1823 627 1883 talia
650 1842 724 1898 esse,
758 1823 881 1903 qualem
905 1820 1085 1903 Amphionis
1109 1822 1190 1903 apud
1212 1812 1381 1885 Pacuvium
1405 1846 1470 1885 ora·

121 1924 248 1985 tionem:
912 1930 914 1939 '
1395 1932 1396 1935 ’

432 2044 595 2113 ‘quadrupes
614 2046 769 2112 tardigrada
787 2045 902 2114 agrestis
920 2046 1029 2099 humilis
1048 2044 1153 2113 depera,

436 2132 628 2201 breui-cipite,
645 2137 752 2186 ceruice
771 2133 900 2201 anguina,
918 2133 1029 2200 aspeotd
1047 2135 1125 2198 truci,

433 2219 583 2273 euiscerata
600 2218 719 2273 inanima
736 2238 798 2273 anm
816 2220 928 2273 animali
946 2237 1021 2274 sono.

121 2383 187 2423 eum
212 2363 339 2423 dixisset
361 2362 525 2438 obscurius,
550 2372 614 2425 tum
637 2361 722 2425 astioi
744 2363 942 2446 respondent:

431 2536 485 2571 non
503 2518 696 2587 intellegimus,
713 2518 766 2571 nisi
783 2522 807 2571 si
825 2525 919 2587 aperte
937 2517 1034 2573 dixeris
1052 2518 1094 2591 (tr.
1113 2517 1142 2588 4)
1161 2566 1164 2573 .

118 2670 151 2721 at
172 2661 225 2722 ille
248 2682 308 2722 uno
332 2660 425 2721 verbe
449 2660 577 2723 ‘testudo
602 2706 609 2721 .
634 2708 642 2724 .
668 2706 674 2720 .
699 2662 718 2725 .'
742 2662 800 2721 huc
823 2663 913 2722 etiam
936 2660 1052 2721 rettulit
1074 2659 1212 2721 Ribbeck
1234 2662 1293 2724 inc.
1312 2664 1370 2723 inc.
1386 2664 1407 2727 f.
1428 2664 1469 2725 70

119 2768 278 2845 ‘uirginem
301 2787 349 2827 me
372 2765 522 2847 qudndam
545 2767 672 2827 inuitam
692 2768 748 2847 pdr
767 2767 830 2827 nim
845 2767 940 2827 uiolat
954 2763 1114 2847 Idppiter',
1138 2786 1197 2842 quo
1208 2766 1330 2828 Tullius
1345 2767 1382 2828 ad
1399 2769 1469 2832 ism.

117 2872 215 2933 VIIII
231 2874 317 2947 22st
343 2891 413 2932 usus
436 2880 491 2951 est,
513 2872 640 2932 sonasse
663 2892 701 2931 ex
724 2870 778 2931 illa
801 2872 937 2932 oratione
959 2878 1089 2951 sumpto,
1113 2889 1173 2952 qua
1196 2872 1331 2952 Antiopa
1353 2892 1466 2947 omnes,

120 2998 195 3058 qnos
217 2997 363 3059 perpessa
386 2986 450 3038 erat
473 2997 559 3039 casus
582 2976 734 3052 adversos,
758 2976 927 3058 Amphioni
949 2978 1106 3059 Zethoque
1129 2987 1240 3051 narrat,
1264 2986 1356 3057 atque
1378 2987 1412 3038 ut
1434 2998 1467 3037 se

120 3080 253 3161 benigne
276 3081 440 3162 excipiant,
464 3079 609 3141 obsecrat.
644 3080 776 3162 denique
808 3082 897 3143 huius
929 3080 1052 3141 tabulae
1083 3090 1292 3161 argumentum
1325 3079 1466 3142 Gieeroni

115 3187 215 3267 potuit
236 3186 269 3246 in
292 3195 392 3247 ments
415 3187 529 3248 versari
560 3187 598 3246 de
631 3207 688 3247 am.
717 3190 766 3262 19,
790 3188 843 3260 70,
876 3206 1059 3269 quamquam
1091 3187 1194 3267 negari
1226 3187 1332 3266 nequit
1355 3186 1466 3246 similia

115 3301 295 3370 argumenta
318 3301 349 3351 et
370 3294 400 3353 in
424 3292 493 3353 aliis
514 3291 678 3372 tragoediis
694 3300 724 3351 et
746 3292 779 3352 in
794 3291 915 3365 fabulis,
940 3312 1018 3372 quae
1033 3292 1176 3373 leguntur
1192 3290 1272 3371 apud
1295 3291 1464 3365 historicos,

116 3417 207 3479 saepe
239 3417 401 3471 recurrere,
432 3398 476 3457 ita
502 3406 536 3457 ut
558 3406 639 3459 certo
663 3396 793 3459 discerni
815 3417 876 3457 non
898 3398 1002 3478 possit,
1027 3418 1116 3477 quam
1145 3397 1332 3477 potissimum
1355 3394 1463 3457 cicero

116 3502 184 3562 loce
207 3503 261 3567 illo
283 3501 416 3563 fabulam
439 3503 615 3583 respexerit.

219 3609 268 3667 Ex
290 3608 397 3668 ceteris
420 3616 520 3668 autem
542 3607 705 3687 tragoediis
728 3608 911 3669 Pacuuianis
934 3609 1061 3669 fortasse
1083 3606 1217 3689 Niptra
1240 3603 1343 3691 (Ribh.
1368 3609 1465 3687 Trag.

114 3714 201 3774 Rom.
224 3713 260 3772 ir.
284 3734 315 3793 p.
335 3715 395 3773 107
418 3732 497 3794 sqq„
533 3713 638 3773 Roem.
662 3714 754 3792 Trag.
781 3735 813 3793 p.
838 3716 902 3775 270
932 3710 1013 3796 sqq.)
1046 3712 1124 3773 vidit
1151 3710 1256 3773 Oicero
1289 3714 1320 3772 in
1352 3732 1460 3773 scaena

112 3829 222 3882 actam.
246 3817 388 3882 describit
409 3818 489 3878 enim
512 3817 604 3881 Tusc.
628 3818 661 3877 II
685 3821 736 3891 21,
761 3820 801 3877 48
825 3819 924 3878 Ιοιιιιιι
946 3818 1043 3893 illum,
1066 3819 1118 3878 ubi
1142 3817 1248 3879 Ulixes
1271 3818 1460 3896 sTelegono

110 3925 174 3985 filio
196 3943 356 4003 percussus
378 3924 508 3983 moriens
532 3921 660 3997 effertur,
684 3922 842 3996 eomodo,
882 3933 916 3984 ut
938 3933 1092 4005 tamquam
1125 3924 1157 3983 in
1181 3943 1290 3983 scaena
1321 3921 1461 3983 videatur

113 4037 252 4111 spectare
273 4028 434 4089 histriones
456 4035 591 4107 agentes.
615 4036 708 4108 atque
731 4049 871 4107 magnam
894 4028 986 4090 habet
1017 4029 1083 4088 veri
1106 4030 1237 4109 speciem
1269 4046 1339 4087 eum
1371 4028 1453 4089 anim

113 4136 172 4195 illa
194 4132 410 4213 magnitudine,
440 4152 500 4212 qua
533 4151 567 4192 se
588 4134 621 4191 in
644 4133 769 4193 volnere
800 4141 925 4213 accepto
958 4133 1085 4213 praebet
1107 4132 1222 4208 Ulixes,
1258 4132 1309 4192 vel
1336 4133 1467 4194 maxime

117 4260 184 4301 essa
207 4246 397 4299 commotum.
431 4237 519 4299 docet
550 4239 632 4299 enim
652 4238 682 4301 b.
705 4238 725 4297 l.
749 4238 841 4299 molle
864 4238 951 4317 illud,
975 4237 1055 4320 quod
1078 4239 1151 4297 insit
1182 4237 1344 4297 inanimis
1371 4238 1465 4297 homi·

115 4366 197 4423 num,
221 4342 423 4425 superandum
447 4362 512 4404 osse
534 4344 660 4418 ratione,
693 4343 776 4404 cuins
799 4344 844 4403 rei
867 4343 965 4405 adfert
991 4364 1008 4404 e
1030 4342 1147 4424 Niptris
1179 4342 1360 4423 exemplum.
1394 4347 1465 4405 ‘non

115 4453 216 4513 nimis’
239 4452 339 4532 inquit
361 4452 403 4511 ‘in
426 4450 544 4531 Niptris
566 4450 620 4510 ille
642 4451 883 4531 sapientissimus
899 4450 1046 4513 Graeciae
1068 4449 1187 4511 saucius
1209 4449 1392 4509 lamentatur
1415 4449 1466 4510 vel

117 4557 235 4619 modiee
257 4557 370 4639 potius:
