<?xml version="1.0" encoding="UTF-8"?>
<!DOCTYPE html PUBLIC "-//W3C//DTD XHTML 1.0 Transitional//EN"
    "http://www.w3.org/TR/xhtml1/DTD/xhtml1-transitional.dtd">
<html xmlns="http://www.w3.org/1999/xhtml" xml:lang="en" lang="en">
 <head>
  <title>
</title>
<meta http-equiv="Content-Type" content="text/html;charset=utf-8" />
  <meta name='ocr-system' content='tesseract 3.04.00' />
  <meta name='ocr-capabilities' content='ocr_page ocr_carea ocr_par ocr_line ocrx_word'/>
</head>
<body>
  <div class='ocr_page' id='page_1' title='image "./dissertationesp07wiengoog_0271.png"; bbox 0 0 3300 5059; ppageno 0'>
   <div class='ocr_carea' id='block_1_1' title="bbox 174 208 235 268">
    <p class='ocr_par' dir='ltr' id='par_1_1' title="bbox 174 208 235 268">
     <span class='ocr_line' id='line_1_1' title="bbox 174 208 235 268; baseline -0.016 0"><span class='ocrx_word' id='word_1_1' title='bbox 174 208 235 268; x_wconf 79' lang='lat'><strong>258</strong></span> 
     </span>
    </p>
   </div>
   <div class='ocr_carea' id='block_1_2' title="bbox 40 400 1629 2161">
    <p class='ocr_par' dir='ltr' id='par_1_2' title="bbox 34 400 1629 2175">
     <span class='ocr_line' id='line_1_2' title="bbox 171 400 1519 480; baseline 0.005 -21"><span class='ocrx_word' id='word_1_2' title='bbox 171 420 230 459; x_wconf 91' lang='lat' dir='ltr'><strong>non</strong></span> <span class='ocrx_word' id='word_1_3' title='bbox 263 400 441 480; x_wconf 74' lang='lat' dir='ltr'><strong>negabimus</strong></span> <span class='ocrx_word' id='word_1_4' title='bbox 464 404 605 463; x_wconf 79' lang='lat' dir='ltr'><strong>Nasicam</strong></span> <span class='ocrx_word' id='word_1_5' title='bbox 630 424 696 463; x_wconf 91' lang='lat' dir='ltr'><strong>cum</strong></span> <span class='ocrx_word' id='word_1_6' title='bbox 720 405 819 464; x_wconf 77' lang='lat' dir='ltr'><strong>Ennio</strong></span> <span class='ocrx_word' id='word_1_7' title='bbox 855 404 1058 464; x_wconf 73' lang='lat' dir='ltr'><strong>amantissime</strong></span> <span class='ocrx_word' id='word_1_8' title='bbox 1088 413 1118 463; x_wconf 89' lang='lat' dir='ltr'><strong>et</strong></span> <span class='ocrx_word' id='word_1_9' title='bbox 1140 405 1374 466; x_wconf 84' lang='lat' dir='ltr'><strong>familiarissime</strong></span> <span class='ocrx_word' id='word_1_10' title='bbox 1395 406 1519 467; x_wconf 87' lang='lat' dir='ltr'><strong>vixisse.</strong></span> 
     </span>
     <span class='ocr_line' id='line_1_3' title="bbox 173 506 1520 589; baseline 0.004 -23"><span class='ocrx_word' id='word_1_11' title='bbox 173 506 362 587; x_wconf 81' lang='lat' dir='ltr'><strong>eundemque</strong></span> <span class='ocrx_word' id='word_1_12' title='bbox 392 516 514 589; x_wconf 82' lang='lat' dir='ltr'><strong>poetam</strong></span> <span class='ocrx_word' id='word_1_13' title='bbox 545 509 584 570; x_wconf 86' lang='lat' dir='ltr'><strong>bl.</strong></span> <span class='ocrx_word' id='word_1_14' title='bbox 618 509 746 569; x_wconf 81' lang='lat' dir='ltr'><strong>Fulvius</strong></span> <span class='ocrx_word' id='word_1_15' title='bbox 779 509 920 570; x_wconf 86' lang='lat' dir='ltr'><strong>Nobilior</strong></span> <span class='ocrx_word' id='word_1_16' title='bbox 952 510 983 567; x_wconf 92' lang='lat' dir='ltr'><strong>in</strong></span> <span class='ocrx_word' id='word_1_17' title='bbox 1015 508 1168 569; x_wconf 76' lang='lat' dir='ltr'><strong>Aetoliam</strong></span> <span class='ocrx_word' id='word_1_18' title='bbox 1200 530 1300 571; x_wconf 91' lang='lat' dir='ltr'><strong>secum</strong></span> <span class='ocrx_word' id='word_1_19' title='bbox 1334 509 1463 571; x_wconf 85' lang='lat' dir='ltr'><strong>duxerat</strong></span> <span class='ocrx_word' id='word_1_20' title='bbox 1487 520 1520 571; x_wconf 91' lang='lat' dir='ltr'><strong>ut</strong></span> 
     </span>
     <span class='ocr_line' id='line_1_4' title="bbox 172 612 1522 696; baseline 0.004 -26"><span class='ocrx_word' id='word_1_21' title='bbox 172 631 353 693; x_wconf 80' lang='lat' dir='ltr'><strong>praeconem</strong></span> <span class='ocrx_word' id='word_1_22' title='bbox 376 615 524 673; x_wconf 82' lang='lat' dir='ltr'><strong>factorum</strong></span> <span class='ocrx_word' id='word_1_23' title='bbox 551 633 683 674; x_wconf 90' lang='lat' dir='ltr'><strong>suorum.</strong></span> <span class='ocrx_word' id='word_1_24' title='bbox 707 613 789 694; x_wconf 85' lang='lat' dir='ltr'><strong>quod</strong></span> <span class='ocrx_word' id='word_1_25' title='bbox 811 635 829 672; x_wconf 86' lang='lat' dir='ltr'><strong>a</strong></span> <span class='ocrx_word' id='word_1_26' title='bbox 845 614 886 673; x_wconf 87' lang='lat' dir='ltr'><strong>ld.</strong></span> <span class='ocrx_word' id='word_1_27' title='bbox 909 613 1017 674; x_wconf 90' lang='lat' dir='ltr'><strong>Porcio</strong></span> <span class='ocrx_word' id='word_1_28' title='bbox 1041 612 1157 675; x_wconf 78' lang='lat' dir='ltr'><strong>Catone</strong></span> <span class='ocrx_word' id='word_1_29' title='bbox 1179 614 1210 673; x_wconf 93' lang='lat' dir='ltr'><strong>in</strong></span> <span class='ocrx_word' id='word_1_30' title='bbox 1232 614 1368 675; x_wconf 85' lang='lat' dir='ltr'><strong>oratione</strong></span> <span class='ocrx_word' id='word_1_31' title='bbox 1390 616 1522 696; x_wconf 87' lang='lat' dir='ltr'><strong>quadam</strong></span> 
     </span>
     <span class='ocr_line' id='line_1_5' title="bbox 172 717 1521 798; baseline 0.004 -22"><span class='ocrx_word' id='word_1_32' title='bbox 172 717 203 776; x_wconf 93' lang='lat' dir='ltr'><strong>ei</strong></span> <span class='ocrx_word' id='word_1_33' title='bbox 224 726 256 776; x_wconf 90' lang='lat' dir='ltr'><strong>ut</strong></span> <span class='ocrx_word' id='word_1_34' title='bbox 278 717 420 797; x_wconf 85' lang='lat' dir='ltr'><strong>probrum</strong></span> <span class='ocrx_word' id='word_1_35' title='bbox 443 738 508 779; x_wconf 87' lang='lat' dir='ltr'><strong>esse</strong></span> <span class='ocrx_word' id='word_1_36' title='bbox 531 718 683 779; x_wconf 91' lang='lat' dir='ltr'><strong>obiectum</strong></span> <span class='ocrx_word' id='word_1_37' title='bbox 703 719 832 798; x_wconf 88' lang='lat' dir='ltr'><strong>legimus</strong></span> <span class='ocrx_word' id='word_1_38' title='bbox 855 719 948 781; x_wconf 79' lang='lat' dir='ltr'><strong>Tuae.</strong></span> <span class='ocrx_word' id='word_1_39' title='bbox 971 718 989 778; x_wconf 96' lang='grc' dir='ltr'>Ι</span> <span class='ocrx_word' id='word_1_40' title='bbox 1011 724 1040 793; x_wconf 80' lang='lat'><strong>2,</strong></span> <span class='ocrx_word' id='word_1_41' title='bbox 1065 726 1094 793; x_wconf 79' lang='grc'><strong>3,</strong></span> <span class='ocrx_word' id='word_1_42' title='bbox 1117 718 1170 779; x_wconf 88' lang='lat' dir='ltr'><strong>ubi</strong></span> <span class='ocrx_word' id='word_1_43' title='bbox 1192 717 1299 781; x_wconf 82' lang='lat' dir='ltr'><strong>Cicero</strong></span> <span class='ocrx_word' id='word_1_44' title='bbox 1320 740 1424 781; x_wconf 85' lang='lat' dir='ltr'><strong>causas</strong></span> <span class='ocrx_word' id='word_1_45' title='bbox 1449 741 1521 781; x_wconf 88' lang='lat' dir='ltr'><strong>enu-</strong></span> 
     </span>
     <span class='ocr_line' id='line_1_6' title="bbox 46 823 1523 907; baseline 0.003 -26"><span class='ocrx_word' id='word_1_46' title='bbox 46 849 71 907; x_wconf 46' lang='lat'><strong>3·</strong></span> <span class='ocrx_word' id='word_1_47' title='bbox 172 831 277 893; x_wconf 81' lang='lat' dir='ltr'><strong>morat,</strong></span> <span class='ocrx_word' id='word_1_48' title='bbox 302 823 412 902; x_wconf 88' lang='lat' dir='ltr'><strong>quibus</strong></span> <span class='ocrx_word' id='word_1_49' title='bbox 434 824 545 883; x_wconf 83' lang='lat' dir='ltr'><strong>factum</strong></span> <span class='ocrx_word' id='word_1_50' title='bbox 569 824 617 897; x_wconf 86' lang='lat' dir='ltr'><strong>sit,</strong></span> <span class='ocrx_word' id='word_1_51' title='bbox 650 832 685 883; x_wconf 88' lang='lat' dir='ltr'><strong>ut</strong></span> <span class='ocrx_word' id='word_1_52' title='bbox 707 824 802 883; x_wconf 89' lang='lat' dir='ltr'><strong>serius</strong></span> <span class='ocrx_word' id='word_1_53' title='bbox 824 824 954 883; x_wconf 87' lang='lat' dir='ltr'><strong>Romani</strong></span> <span class='ocrx_word' id='word_1_54' title='bbox 984 823 1103 883; x_wconf 88' lang='lat' dir='ltr'><strong>litteras</strong></span> <span class='ocrx_word' id='word_1_55' title='bbox 1126 825 1326 903; x_wconf 84' lang='lat' dir='ltr'><strong>attingerent;</strong></span> <span class='ocrx_word' id='word_1_56' title='bbox 1358 824 1523 905; x_wconf 86' lang='lat' dir='ltr'><strong>inquibus</strong></span> 
     </span>
     <span class='ocr_line' id='line_1_7' title="bbox 172 927 1523 1009; baseline 0.002 -22.753"><span class='ocrx_word' id='word_1_57' title='bbox 172 929 300 1008; x_wconf 82' lang='lat' dir='ltr'><strong>primam</strong></span> <span class='ocrx_word' id='word_1_58' title='bbox 322 929 426 1009; x_wconf 79' lang='lat' dir='ltr'><strong>luisse,</strong></span> <span class='ocrx_word' id='word_1_59' title='bbox 458 928 540 1008; x_wconf 89' lang='lat' dir='ltr'><strong>quod</strong></span> <span class='ocrx_word' id='word_1_60' title='bbox 562 949 623 990; x_wconf 89' lang='lat' dir='ltr'><strong>non</strong></span> <span class='ocrx_word' id='word_1_61' title='bbox 646 928 740 1008; x_wconf 80' lang='lat' dir='ltr'><strong>vulgo</strong></span> <span class='ocrx_word' id='word_1_62' title='bbox 764 927 894 987; x_wconf 89' lang='lat' dir='ltr'><strong>tributus</strong></span> <span class='ocrx_word' id='word_1_63' title='bbox 918 936 996 987; x_wconf 87' lang='lat' dir='ltr'><strong>esset</strong></span> <span class='ocrx_word' id='word_1_64' title='bbox 1017 936 1175 1009; x_wconf 87' lang='lat' dir='ltr'><strong>poetarum</strong></span> <span class='ocrx_word' id='word_1_65' title='bbox 1197 930 1302 1008; x_wconf 80' lang='lat' dir='ltr'><strong>generi</strong></span> <span class='ocrx_word' id='word_1_66' title='bbox 1324 930 1434 1006; x_wconf 90' lang='lat' dir='ltr'><strong>honos;</strong></span> <span class='ocrx_word' id='word_1_67' title='bbox 1473 932 1523 991; x_wconf 88' lang='lat' dir='ltr'><strong>cui</strong></span> 
     </span>
     <span class='ocr_line' id='line_1_8' title="bbox 52 1017 1629 1114; baseline 0.003 -23"><span class='ocrx_word' id='word_1_68' title='bbox 52 1017 71 1105; x_wconf 48' lang='lat' dir='ltr'><strong>f&#39;</strong></span> <span class='ocrx_word' id='word_1_69' title='bbox 171 1034 217 1092; x_wconf 89' lang='lat' dir='ltr'><strong>rei</strong></span> <span class='ocrx_word' id='word_1_70' title='bbox 239 1031 365 1093; x_wconf 80' lang='lat' dir='ltr'><strong>Catonis</strong></span> <span class='ocrx_word' id='word_1_71' title='bbox 388 1033 473 1093; x_wconf 92' lang='lat' dir='ltr'><strong>illam</strong></span> <span class='ocrx_word' id='word_1_72' title='bbox 506 1034 673 1095; x_wconf 86' lang='lat' dir='ltr'><strong>orationem</strong></span> <span class='ocrx_word' id='word_1_73' title='bbox 696 1053 761 1093; x_wconf 85' lang='lat' dir='ltr'><strong>esee</strong></span> <span class='ocrx_word' id='word_1_74' title='bbox 794 1032 984 1093; x_wconf 87' lang='lat' dir='ltr'><strong>documento.</strong></span> <span class='ocrx_word' id='word_1_75' title='bbox 1021 1054 1111 1114; x_wconf 84' lang='lat' dir='ltr'><strong>quarn</strong></span> <span class='ocrx_word' id='word_1_76' title='bbox 1147 1032 1185 1092; x_wconf 94' lang='lat' dir='ltr'><strong>ob</strong></span> <span class='ocrx_word' id='word_1_77' title='bbox 1216 1053 1280 1093; x_wconf 90' lang='lat' dir='ltr'><strong>rem</strong></span> <span class='ocrx_word' id='word_1_78' title='bbox 1312 1055 1373 1095; x_wconf 91' lang='lat' dir='ltr'><strong>non</strong></span> <span class='ocrx_word' id='word_1_79' title='bbox 1395 1036 1522 1095; x_wconf 90' lang='lat' dir='ltr'><strong>multum</strong></span> <span class='ocrx_word' id='word_1_80' title='bbox 1628 1062 1629 1073; x_wconf 40' lang='grc' dir='ltr'>ι</span> 
     </span>
     <span class='ocr_line' id='line_1_9' title="bbox 171 1122 1629 1221; baseline 0.003 -24.673"><span class='ocrx_word' id='word_1_81' title='bbox 171 1136 366 1198; x_wconf 87' lang='lat' dir='ltr'><strong>tribuendum</strong></span> <span class='ocrx_word' id='word_1_82' title='bbox 388 1158 453 1198; x_wconf 88' lang='lat' dir='ltr'><strong>esse</strong></span> <span class='ocrx_word' id='word_1_83' title='bbox 469 1138 590 1198; x_wconf 89' lang='lat' dir='ltr'><strong>videtur</strong></span> <span class='ocrx_word' id='word_1_84' title='bbox 611 1139 650 1212; x_wconf 92' lang='lat' dir='ltr'><strong>ei,</strong></span> <span class='ocrx_word' id='word_1_85' title='bbox 674 1138 756 1217; x_wconf 92' lang='lat' dir='ltr'><strong>quod</strong></span> <span class='ocrx_word' id='word_1_86' title='bbox 779 1160 799 1198; x_wconf 87' lang='lat' dir='ltr'><strong>a</strong></span> <span class='ocrx_word' id='word_1_87' title='bbox 814 1138 931 1199; x_wconf 78' lang='lat' dir='ltr'><strong>Catone</strong></span> <span class='ocrx_word' id='word_1_88' title='bbox 955 1139 1072 1199; x_wconf 80' lang='lat' dir='ltr'><strong>Ennius</strong></span> <span class='ocrx_word' id='word_1_89' title='bbox 1095 1138 1251 1199; x_wconf 81' lang='lat' dir='ltr'><strong>familiaria</strong></span> <span class='ocrx_word' id='word_1_90' title='bbox 1275 1139 1448 1220; x_wconf 88' lang='lat' dir='ltr'><strong>appellatur</strong></span> <span class='ocrx_word' id='word_1_91' title='bbox 1470 1140 1523 1221; x_wconf 88' lang='lat' dir='ltr'><strong>(de</strong></span> <span class='ocrx_word' id='word_1_92' title='bbox 1628 1122 1629 1159; x_wconf 44' lang='lat' dir='ltr'><strong>A</strong></span> 
     </span>
     <span class='ocr_line' id='line_1_10' title="bbox 46 1239 1524 1326; baseline 0.001 -23"><span class='ocrx_word' id='word_1_93' title='bbox 46 1275 66 1318; x_wconf 67' lang='lat'><strong>‚3</strong></span> <span class='ocrx_word' id='word_1_94' title='bbox 172 1263 235 1303; x_wconf 88' lang='lat' dir='ltr'><strong>een.</strong></span> <span class='ocrx_word' id='word_1_95' title='bbox 262 1246 279 1301; x_wconf 90' lang='grc'><strong>4</strong></span> <span class='ocrx_word' id='word_1_96' title='bbox 317 1239 383 1326; x_wconf 92' lang='lat'>10).</span> <span class='ocrx_word' id='word_1_97' title='bbox 393 1239 417 1325; x_wconf 86' lang='lat'><strong>¹)</strong></span> <span class='ocrx_word' id='word_1_98' title='bbox 442 1244 583 1304; x_wconf 89' lang='lat' dir='ltr'><strong>nimirum</strong></span> <span class='ocrx_word' id='word_1_99' title='bbox 598 1242 629 1302; x_wconf 89' lang='lat' dir='ltr'><strong>id</strong></span> <span class='ocrx_word' id='word_1_100' title='bbox 646 1242 724 1323; x_wconf 89' lang='lat' dir='ltr'><strong>quod</strong></span> <span class='ocrx_word' id='word_1_101' title='bbox 742 1243 831 1303; x_wconf 89' lang='lat' dir='ltr'><strong>buius</strong></span> <span class='ocrx_word' id='word_1_102' title='bbox 854 1242 924 1302; x_wconf 93' lang='lat' dir='ltr'><strong>libri</strong></span> <span class='ocrx_word' id='word_1_103' title='bbox 941 1243 1065 1303; x_wconf 90' lang='lat' dir='ltr'><strong>consilio</strong></span> <span class='ocrx_word' id='word_1_104' title='bbox 1089 1242 1299 1317; x_wconf 86' lang='lat' dir='ltr'><strong>conveniebat,</strong></span> <span class='ocrx_word' id='word_1_105' title='bbox 1322 1244 1414 1325; x_wconf 90' lang='lat' dir='ltr'><strong>plane</strong></span> <span class='ocrx_word' id='word_1_106' title='bbox 1430 1244 1524 1305; x_wconf 84' lang='lat' dir='ltr'><strong>aliam</strong></span> 
     </span>
     <span class='ocr_line' id='line_1_11' title="bbox 172 1345 1521 1428; baseline 0.004 -22.476"><span class='ocrx_word' id='word_1_107' title='bbox 172 1347 295 1407; x_wconf 83' lang='lat' dir='ltr'><strong>&#39;Pullius</strong></span> <span class='ocrx_word' id='word_1_108' title='bbox 327 1345 448 1408; x_wconf 72' lang='lat' dir='ltr'><strong>(latonia</strong></span> <span class='ocrx_word' id='word_1_109' title='bbox 482 1348 538 1408; x_wconf 92' lang='lat' dir='ltr'><strong>sibi</strong></span> <span class='ocrx_word' id='word_1_110' title='bbox 569 1348 657 1408; x_wconf 87' lang='lat' dir='ltr'><strong>finxit</strong></span> <span class='ocrx_word' id='word_1_111' title='bbox 697 1349 861 1428; x_wconf 84' lang='lat' dir='ltr'><strong>imaginem</strong></span> <span class='ocrx_word' id='word_1_112' title='bbox 894 1369 912 1407; x_wconf 90' lang='lat' dir='ltr'><strong>a</strong></span> <span class='ocrx_word' id='word_1_113' title='bbox 944 1369 1017 1409; x_wconf 83' lang='lat' dir='ltr'><strong>vera</strong></span> <span class='ocrx_word' id='word_1_114' title='bbox 1053 1350 1193 1410; x_wconf 89' lang='lat' dir='ltr'><strong>alienam.</strong></span> <span class='ocrx_word' id='word_1_115' title='bbox 1231 1348 1340 1410; x_wconf 89' lang='lat' dir='ltr'><strong>deinde</strong></span> <span class='ocrx_word' id='word_1_116' title='bbox 1377 1351 1521 1426; x_wconf 80' lang='lat' dir='ltr'><strong>Ennium,</strong></span> 
     </span>
     <span class='ocr_line' id='line_1_12' title="bbox 173 1452 1522 1535; baseline 0.005 -26.363"><span class='ocrx_word' id='word_1_117' title='bbox 173 1472 241 1511; x_wconf 90' lang='lat' dir='ltr'><strong>cum</strong></span> <span class='ocrx_word' id='word_1_118' title='bbox 265 1452 438 1512; x_wconf 79' lang='lat' dir='ltr'><strong>Annalibus</strong></span> <span class='ocrx_word' id='word_1_119' title='bbox 454 1474 514 1513; x_wconf 94' lang='lat' dir='ltr'><strong>non</strong></span> <span class='ocrx_word' id='word_1_120' title='bbox 537 1462 656 1514; x_wconf 85' lang='lat' dir='ltr'><strong>tantum</strong></span> <span class='ocrx_word' id='word_1_121' title='bbox 677 1454 813 1533; x_wconf 90' lang='lat' dir='ltr'><strong>singulos</strong></span> <span class='ocrx_word' id='word_1_122' title='bbox 845 1454 935 1527; x_wconf 81' lang='lat' dir='ltr'><strong>viros,</strong></span> <span class='ocrx_word' id='word_1_123' title='bbox 966 1453 1019 1515; x_wconf 85' lang='lat' dir='ltr'><strong>sed</strong></span> <span class='ocrx_word' id='word_1_124' title='bbox 1051 1455 1143 1515; x_wconf 87' lang='lat' dir='ltr'><strong>etiam</strong></span> <span class='ocrx_word' id='word_1_125' title='bbox 1165 1455 1258 1515; x_wconf 89' lang='lat' dir='ltr'><strong>totius</strong></span> <span class='ocrx_word' id='word_1_126' title='bbox 1279 1455 1386 1535; x_wconf 89' lang='lat' dir='ltr'><strong>populi</strong></span> <span class='ocrx_word' id='word_1_127' title='bbox 1410 1475 1522 1516; x_wconf 90' lang='lat' dir='ltr'><strong>nomen</strong></span> 
     </span>
     <span class='ocr_line' id='line_1_13' title="bbox 40 1556 1628 1644; baseline 0.005 -31"><span class='ocrx_word' id='word_1_128' title='bbox 40 1601 76 1643; x_wconf 69' lang='lat'><strong>1.</strong></span> <span class='ocrx_word' id='word_1_129' title='bbox 94 1591 106 1644; x_wconf 65' lang='lat' dir='ltr'>j</span> <span class='ocrx_word' id='word_1_130' title='bbox 173 1556 362 1640; x_wconf 79' lang='lat' dir='ltr'><strong>celebrasset,</strong></span> <span class='ocrx_word' id='word_1_131' title='bbox 385 1560 509 1618; x_wconf 88' lang='lat' dir='ltr'><strong>civitate</strong></span> <span class='ocrx_word' id='word_1_132' title='bbox 532 1578 598 1619; x_wconf 89' lang='lat' dir='ltr'><strong>csse</strong></span> <span class='ocrx_word' id='word_1_133' title='bbox 620 1558 764 1618; x_wconf 85' lang='lat' dir='ltr'><strong>donatum</strong></span> <span class='ocrx_word' id='word_1_134' title='bbox 780 1556 886 1619; x_wconf 80' lang='lat' dir='ltr'><strong>(licere</strong></span> <span class='ocrx_word' id='word_1_135' title='bbox 910 1558 1115 1640; x_wconf 84' lang='lat' dir='ltr'><strong>compluribus</strong></span> <span class='ocrx_word' id='word_1_136' title='bbox 1137 1559 1328 1620; x_wconf 80' lang='lat' dir='ltr'><strong>loeisrefert:</strong></span> <span class='ocrx_word' id='word_1_137' title='bbox 1353 1580 1410 1640; x_wconf 88' lang='lat' dir='ltr'><strong>pro</strong></span> <span class='ocrx_word' id='word_1_138' title='bbox 1426 1560 1519 1623; x_wconf 89' lang='lat' dir='ltr'><strong>Arcb.</strong></span> <span class='ocrx_word' id='word_1_139' title='bbox 1627 1608 1628 1611; x_wconf 63' lang='lat'>,</span> 
     </span>
     <span class='ocr_line' id='line_1_14' title="bbox 176 1657 1523 1743; baseline 0.005 -24.358"><span class='ocrx_word' id='word_1_140' title='bbox 176 1663 225 1735; x_wconf 90' lang='lat'><strong>10,</strong></span> <span class='ocrx_word' id='word_1_141' title='bbox 252 1664 307 1723; x_wconf 75' lang='lat'><strong>22:</strong></span> <span class='ocrx_word' id='word_1_142' title='bbox 332 1667 414 1743; x_wconf 84' lang='lat' dir='ltr'><strong>‘ergo</strong></span> <span class='ocrx_word' id='word_1_143' title='bbox 442 1663 529 1723; x_wconf 90' lang='lat' dir='ltr'><strong>illum</strong></span> <span class='ocrx_word' id='word_1_144' title='bbox 553 1709 561 1724; x_wconf 88' lang='lat'><strong>.</strong></span> <span class='ocrx_word' id='word_1_145' title='bbox 585 1710 594 1725; x_wconf 89' lang='lat'><strong>.</strong></span> <span class='ocrx_word' id='word_1_146' title='bbox 618 1712 625 1727; x_wconf 92' lang='lat'><strong>.</strong></span> <span class='ocrx_word' id='word_1_147' title='bbox 649 1663 803 1724; x_wconf 86' lang='lat' dir='ltr'><strong>Rudinum</strong></span> <span class='ocrx_word' id='word_1_148' title='bbox 836 1663 988 1724; x_wconf 91' lang='lat' dir='ltr'><strong>hominem</strong></span> <span class='ocrx_word' id='word_1_149' title='bbox 1025 1664 1152 1724; x_wconf 86' lang='lat' dir='ltr'><strong>maiores</strong></span> <span class='ocrx_word' id='word_1_150' title='bbox 1187 1664 1281 1724; x_wconf 88' lang='lat' dir='ltr'><strong>nostri</strong></span> <span class='ocrx_word' id='word_1_151' title='bbox 1304 1657 1340 1723; x_wconf 66' lang='lat' dir='ltr'><strong>‘iu</strong></span> <span class='ocrx_word' id='word_1_152' title='bbox 1369 1665 1523 1725; x_wconf 83' lang='lat' dir='ltr'><strong>civitatem</strong></span> 
     </span>
     <span class='ocr_line' id='line_1_15' title="bbox 171 1766 1525 1850; baseline 0.005 -26.387"><span class='ocrx_word' id='word_1_153' title='bbox 171 1766 371 1846; x_wconf 64' lang='lat' dir='ltr'><strong>receperunt)</strong></span> <span class='ocrx_word' id='word_1_154' title='bbox 395 1767 476 1848; x_wconf 88' lang='lat' dir='ltr'><strong>quod</strong></span> <span class='ocrx_word' id='word_1_155' title='bbox 498 1770 610 1829; x_wconf 79' lang='lat' dir='ltr'><strong>lectum</strong></span> <span class='ocrx_word' id='word_1_156' title='bbox 639 1789 704 1829; x_wconf 89' lang='lat' dir='ltr'><strong>esse</strong></span> <span class='ocrx_word' id='word_1_157' title='bbox 727 1768 766 1843; x_wconf 77' lang='lat' dir='ltr'><strong>Q.</strong></span> <span class='ocrx_word' id='word_1_158' title='bbox 790 1766 957 1829; x_wconf 88' lang='lat' dir='ltr'><strong>Nobilioris</strong></span> <span class='ocrx_word' id='word_1_159' title='bbox 985 1789 1078 1850; x_wconf 87' lang='lat' dir='ltr'><strong>opera</strong></span> <span class='ocrx_word' id='word_1_160' title='bbox 1109 1788 1148 1829; x_wconf 91' lang='lat' dir='ltr'><strong>ex</strong></span> <span class='ocrx_word' id='word_1_161' title='bbox 1178 1769 1265 1829; x_wconf 87' lang='lat' dir='ltr'><strong>Brut.</strong></span> <span class='ocrx_word' id='word_1_162' title='bbox 1307 1770 1356 1843; x_wconf 80' lang='lat'><strong>20,</strong></span> <span class='ocrx_word' id='word_1_163' title='bbox 1383 1772 1423 1830; x_wconf 87' lang='grc'><strong>79</strong></span> <span class='ocrx_word' id='word_1_164' title='bbox 1447 1790 1525 1830; x_wconf 89' lang='lat' dir='ltr'><strong>coro·</strong></span> 
     </span>
     <span class='ocr_line' id='line_1_16' title="bbox 171 1871 1526 1954; baseline 0.001 -20.819"><span class='ocrx_word' id='word_1_165' title='bbox 171 1872 318 1950; x_wconf 85' lang='lat' dir='ltr'><strong>perimus:</strong></span> <span class='ocrx_word' id='word_1_166' title='bbox 343 1871 390 1946; x_wconf 68' lang='lat' dir='ltr'><strong>‘Q</strong></span> <span class='ocrx_word' id='word_1_167' title='bbox 415 1872 615 1954; x_wconf 84' lang='lat' dir='ltr'><strong>Nobiliorem,</strong></span> <span class='ocrx_word' id='word_1_168' title='bbox 649 1873 691 1933; x_wconf 83' lang='lat' dir='ltr'><strong>M.</strong></span> <span class='ocrx_word' id='word_1_169' title='bbox 715 1874 765 1947; x_wconf 68' lang='lat' dir='ltr'><strong>F„</strong></span> <span class='ocrx_word' id='word_1_170' title='bbox 788 1875 849 1933; x_wconf 90' lang='lat' dir='ltr'><strong>iam</strong></span> <span class='ocrx_word' id='word_1_171' title='bbox 872 1874 970 1954; x_wconf 84' lang='lat' dir='ltr'><strong>patrio</strong></span> <span class='ocrx_word' id='word_1_172' title='bbox 993 1874 1130 1935; x_wconf 88' lang='lat' dir='ltr'><strong>instituto</strong></span> <span class='ocrx_word' id='word_1_173' title='bbox 1163 1872 1299 1933; x_wconf 85' lang='lat' dir='ltr'><strong>deditum</strong></span> <span class='ocrx_word' id='word_1_174' title='bbox 1322 1873 1421 1934; x_wconf 86' lang='lat' dir='ltr'><strong>studio</strong></span> <span class='ocrx_word' id='word_1_175' title='bbox 1445 1875 1526 1935; x_wconf 89' lang='lat' dir='ltr'><strong>litte·</strong></span> 
     </span>
     <span class='ocr_line' id='line_1_17' title="bbox 172 1976 1524 2059; baseline 0.002 -24.739"><span class='ocrx_word' id='word_1_176' title='bbox 172 1996 281 2048; x_wconf 60' lang='lat' dir='ltr'><strong>rarum„</strong></span> <span class='ocrx_word' id='word_1_177' title='bbox 306 1977 359 2056; x_wconf 93' lang='lat' dir='ltr'><strong>qui</strong></span> <span class='ocrx_word' id='word_1_178' title='bbox 382 1979 472 2037; x_wconf 88' lang='lat' dir='ltr'><strong>etiam</strong></span> <span class='ocrx_word' id='word_1_179' title='bbox 505 1976 543 2051; x_wconf 81' lang='lat' dir='ltr'><strong>Q.</strong></span> <span class='ocrx_word' id='word_1_180' title='bbox 566 1979 710 2051; x_wconf 77' lang='lat' dir='ltr'><strong>Ennium,</strong></span> <span class='ocrx_word' id='word_1_181' title='bbox 735 1978 787 2059; x_wconf 85' lang='lat' dir='ltr'><strong>qui</strong></span> <span class='ocrx_word' id='word_1_182' title='bbox 816 1999 884 2039; x_wconf 89' lang='lat' dir='ltr'><strong>cum</strong></span> <span class='ocrx_word' id='word_1_183' title='bbox 911 1988 1000 2058; x_wconf 89' lang='lat' dir='ltr'><strong>patre</strong></span> <span class='ocrx_word' id='word_1_184' title='bbox 1028 1978 1092 2038; x_wconf 87' lang='lat' dir='ltr'><strong>eiua</strong></span> <span class='ocrx_word' id='word_1_185' title='bbox 1119 1978 1151 2037; x_wconf 95' lang='lat' dir='ltr'><strong>in</strong></span> <span class='ocrx_word' id='word_1_186' title='bbox 1179 1977 1302 2038; x_wconf 83' lang='lat' dir='ltr'><strong>Aetolia</strong></span> <span class='ocrx_word' id='word_1_187' title='bbox 1326 1978 1524 2053; x_wconf 84' lang='lat' dir='ltr'><strong>militaverat,</strong></span> 
     </span>
     <span class='ocr_line' id='line_1_18' title="bbox 173 2080 1525 2161; baseline 0.003 -22.534"><span class='ocrx_word' id='word_1_188' title='bbox 173 2082 294 2140; x_wconf 86' lang='lat' dir='ltr'><strong>civitate</strong></span> <span class='ocrx_word' id='word_1_189' title='bbox 319 2080 454 2161; x_wconf 88' lang='lat' dir='ltr'><strong>donavit,</strong></span> <span class='ocrx_word' id='word_1_190' title='bbox 480 2103 547 2141; x_wconf 87' lang='lat' dir='ltr'><strong>cum</strong></span> <span class='ocrx_word' id='word_1_191' title='bbox 574 2084 716 2143; x_wconf 90' lang='lat' dir='ltr'><strong>triumvir</strong></span> <span class='ocrx_word' id='word_1_192' title='bbox 750 2083 900 2144; x_wconf 89' lang='lat' dir='ltr'><strong>coloniam</strong></span> <span class='ocrx_word' id='word_1_193' title='bbox 928 2082 1122 2143; x_wconf 71' lang='lat' dir='ltr'><strong>deduxisset!</strong></span> <span class='ocrx_word' id='word_1_194' title='bbox 1150 2081 1209 2142; x_wconf 89' lang='lat' dir='ltr'><strong>huc</strong></span> <span class='ocrx_word' id='word_1_195' title='bbox 1237 2084 1327 2142; x_wconf 88' lang='lat' dir='ltr'><strong>etiam</strong></span> <span class='ocrx_word' id='word_1_196' title='bbox 1349 2083 1525 2144; x_wconf 85' lang='lat' dir='ltr'><strong>referendus</strong></span> 
     </span>
    </p>
   </div>
   <div class='ocr_carea' id='block_1_3' title="bbox 33 2186 1629 2459">
    <p class='ocr_par' dir='ltr' id='par_1_3' title="bbox 33 2169 1629 2459">
     <span class='ocr_line' id='line_1_19' title="bbox 172 2186 789 2251; baseline 0.007 -5.147"><span class='ocrx_word' id='word_1_197' title='bbox 172 2193 219 2245; x_wconf 92' lang='lat' dir='ltr'><strong>est</strong></span> <span class='ocrx_word' id='word_1_198' title='bbox 240 2204 345 2246; x_wconf 82' lang='lat' dir='ltr'><strong>versus</strong></span> <span class='ocrx_word' id='word_1_199' title='bbox 368 2205 407 2246; x_wconf 87' lang='lat' dir='ltr'><strong>ex</strong></span> <span class='ocrx_word' id='word_1_200' title='bbox 429 2187 521 2245; x_wconf 77' lang='lat' dir='ltr'><strong>Ennii</strong></span> <span class='ocrx_word' id='word_1_201' title='bbox 544 2186 625 2251; x_wconf 86' lang='lat' dir='ltr'><strong>Ano.</strong></span> <span class='ocrx_word' id='word_1_202' title='bbox 648 2189 668 2247; x_wconf 83' lang='lat' dir='ltr'><strong>l.</strong></span> <span class='ocrx_word' id='word_1_203' title='bbox 693 2188 789 2251; x_wconf 88' lang='lat' dir='ltr'>XVI:</span> 
     </span>
     <span class='ocr_line' id='line_1_20' title="bbox 33 2275 1280 2357; baseline 0.002 -18"><span class='ocrx_word' id='word_1_204' title='bbox 33 2275 57 2295; x_wconf 53' lang='lat'><strong>⁸</strong></span> <span class='ocrx_word' id='word_1_205' title='bbox 409 2291 467 2340; x_wconf 85' lang='lat' dir='ltr'><strong>‘noa</strong></span> <span class='ocrx_word' id='word_1_206' title='bbox 486 2291 573 2339; x_wconf 88' lang='lat' dir='ltr'><strong>sumu&#39;</strong></span> <span class='ocrx_word' id='word_1_207' title='bbox 591 2291 715 2353; x_wconf 79' lang='lat' dir='ltr'><strong>Romani,</strong></span> <span class='ocrx_word' id='word_1_208' title='bbox 734 2292 780 2356; x_wconf 89' lang='lat' dir='ltr'><strong>qui</strong></span> <span class='ocrx_word' id='word_1_209' title='bbox 799 2290 917 2341; x_wconf 83' lang='lat' dir='ltr'><strong>fovimus</strong></span> <span class='ocrx_word' id='word_1_210' title='bbox 934 2294 998 2341; x_wconf 86' lang='lat' dir='ltr'><strong>ante</strong></span> <span class='ocrx_word' id='word_1_211' title='bbox 1015 2288 1125 2349; x_wconf 82' lang='lat' dir='ltr'><strong>Rudini&#39;</strong></span> <span class='ocrx_word' id='word_1_212' title='bbox 1143 2290 1280 2357; x_wconf 66' lang='lat' dir='ltr'><strong>(terat),</strong></span> 
     </span>
     <span class='ocr_line' id='line_1_21' title="bbox 74 2370 1629 2459; baseline 0.002 -23"><span class='ocrx_word' id='word_1_213' title='bbox 74 2370 77 2378; x_wconf 74' lang='grc'>’</span> <span class='ocrx_word' id='word_1_214' title='bbox 173 2396 264 2456; x_wconf 88' lang='lat' dir='ltr'><strong>quem</strong></span> <span class='ocrx_word' id='word_1_215' title='bbox 288 2377 394 2440; x_wconf 81' lang='lat' dir='ltr'><strong>Cicero</strong></span> <span class='ocrx_word' id='word_1_216' title='bbox 419 2377 457 2437; x_wconf 89' lang='lat' dir='ltr'><strong>de</strong></span> <span class='ocrx_word' id='word_1_217' title='bbox 484 2399 527 2439; x_wconf 91' lang='lat' dir='ltr'><strong>or.</strong></span> <span class='ocrx_word' id='word_1_218' title='bbox 550 2378 601 2438; x_wconf 90' lang='lat'><strong>111</strong></span> <span class='ocrx_word' id='word_1_219' title='bbox 624 2380 676 2453; x_wconf 80' lang='lat'><strong>42,</strong></span> <span class='ocrx_word' id='word_1_220' title='bbox 704 2381 764 2438; x_wconf 88' lang='grc'><strong>168</strong></span> <span class='ocrx_word' id='word_1_221' title='bbox 789 2380 860 2438; x_wconf 85' lang='lat' dir='ltr'><strong>citat</strong></span> <span class='ocrx_word' id='word_1_222' title='bbox 891 2377 930 2438; x_wconf 91' lang='lat' dir='ltr'><strong>ad</strong></span> <span class='ocrx_word' id='word_1_223' title='bbox 962 2378 1225 2439; x_wconf 86' lang='lat' dir='ltr'><strong>demonstrandum</strong></span> <span class='ocrx_word' id='word_1_224' title='bbox 1258 2379 1372 2439; x_wconf 89' lang='lat' dir='ltr'><strong>numeri</strong></span> <span class='ocrx_word' id='word_1_225' title='bbox 1396 2377 1524 2459; x_wconf 88' lang='lat' dir='ltr'><strong>pluralis</strong></span> <span class='ocrx_word' id='word_1_226' title='bbox 1628 2404 1629 2429; x_wconf 75' lang='lat'>1</span> 
     </span>
    </p>
   </div>
   <div class='ocr_carea' id='block_1_4' title="bbox 75 2459 1525 2774">
    <p class='ocr_par' dir='ltr' id='par_1_4' title="bbox 32 2456 1525 2774">
     <span class='ocr_line' id='line_1_22' title="bbox 75 2459 1523 2563; baseline 0.003 -23.885"><span class='ocrx_word' id='word_1_227' title='bbox 75 2459 81 2480; x_wconf 59' lang='lat'>⁵</span> <span class='ocrx_word' id='word_1_228' title='bbox 172 2502 227 2561; x_wconf 92' lang='lat' dir='ltr'><strong>pro</strong></span> <span class='ocrx_word' id='word_1_229' title='bbox 259 2482 404 2562; x_wconf 83' lang='lat' dir='ltr'><strong>singulari</strong></span> <span class='ocrx_word' id='word_1_230' title='bbox 436 2483 527 2563; x_wconf 90' lang='lat' dir='ltr'><strong>positi</strong></span> <span class='ocrx_word' id='word_1_231' title='bbox 561 2503 661 2545; x_wconf 87' lang='lat' dir='ltr'><strong>usum.</strong></span> <span class='ocrx_word' id='word_1_232' title='bbox 698 2502 787 2563; x_wconf 90' lang='lat' dir='ltr'><strong>porro</strong></span> <span class='ocrx_word' id='word_1_233' title='bbox 820 2482 860 2543; x_wconf 93' lang='lat' dir='ltr'><strong>de</strong></span> <span class='ocrx_word' id='word_1_234' title='bbox 891 2483 985 2543; x_wconf 80' lang='lat' dir='ltr'><strong>Ennii</strong></span> <span class='ocrx_word' id='word_1_235' title='bbox 1018 2492 1172 2543; x_wconf 89' lang='lat' dir='ltr'><strong>senectute</strong></span> <span class='ocrx_word' id='word_1_236' title='bbox 1203 2483 1279 2543; x_wconf 90' lang='lat' dir='ltr'><strong>haec</strong></span> <span class='ocrx_word' id='word_1_237' title='bbox 1309 2484 1382 2543; x_wconf 83' lang='lat' dir='ltr'><strong>fucit</strong></span> <span class='ocrx_word' id='word_1_238' title='bbox 1415 2481 1523 2543; x_wconf 86' lang='lat' dir='ltr'><strong>Oiccro</strong></span> 
     </span>
     <span class='ocr_line' id='line_1_23' title="bbox 173 2584 1525 2669; baseline 0.001 -23.815"><span class='ocrx_word' id='word_1_239' title='bbox 173 2584 319 2647; x_wconf 82' lang='lat' dir='ltr'><strong>Catonem</strong></span> <span class='ocrx_word' id='word_1_240' title='bbox 341 2587 544 2669; x_wconf 87' lang='lat' dir='ltr'><strong>disputantem</strong></span> <span class='ocrx_word' id='word_1_241' title='bbox 572 2589 603 2663; x_wconf 82' lang='lat'><strong>5,</strong></span> <span class='ocrx_word' id='word_1_242' title='bbox 628 2591 683 2649; x_wconf 85' lang='lat'><strong>14:</strong></span> <span class='ocrx_word' id='word_1_243' title='bbox 717 2594 784 2648; x_wconf 83' lang='lat' dir='ltr'><strong>‘sua</strong></span> <span class='ocrx_word' id='word_1_244' title='bbox 806 2589 887 2648; x_wconf 90' lang='lat' dir='ltr'><strong>enim</strong></span> <span class='ocrx_word' id='word_1_245' title='bbox 909 2588 985 2648; x_wconf 85' lang='lat' dir='ltr'><strong>vitia</strong></span> <span class='ocrx_word' id='word_1_246' title='bbox 1017 2589 1197 2669; x_wconf 84' lang='lat' dir='ltr'><strong>insipientes</strong></span> <span class='ocrx_word' id='word_1_247' title='bbox 1232 2596 1261 2649; x_wconf 90' lang='lat' dir='ltr'><strong>et</strong></span> <span class='ocrx_word' id='word_1_248' title='bbox 1294 2608 1377 2648; x_wconf 88' lang='lat' dir='ltr'><strong>suam</strong></span> <span class='ocrx_word' id='word_1_249' title='bbox 1402 2589 1525 2669; x_wconf 89' lang='lat' dir='ltr'><strong>culpam</strong></span> 
     </span>
     <span class='ocr_line' id='line_1_24' title="bbox 173 2690 1524 2774; baseline 0.004 -25"><span class='ocrx_word' id='word_1_250' title='bbox 173 2692 205 2750; x_wconf 91' lang='lat' dir='ltr'><strong>in</strong></span> <span class='ocrx_word' id='word_1_251' title='bbox 229 2702 414 2755; x_wconf 87' lang='lat' dir='ltr'><strong>senectutem</strong></span> <span class='ocrx_word' id='word_1_252' title='bbox 437 2696 608 2769; x_wconf 72' lang='lat' dir='ltr'><strong>conferunt,</strong></span> <span class='ocrx_word' id='word_1_253' title='bbox 631 2692 713 2774; x_wconf 90' lang='lat' dir='ltr'><strong>quod</strong></span> <span class='ocrx_word' id='word_1_254' title='bbox 734 2714 796 2753; x_wconf 91' lang='lat' dir='ltr'><strong>non</strong></span> <span class='ocrx_word' id='word_1_255' title='bbox 817 2693 949 2753; x_wconf 80' lang='lat' dir='ltr'><strong>faciebat</strong></span> <span class='ocrx_word' id='word_1_256' title='bbox 965 2737 1100 2757; x_wconf 90' lang='grc'><strong>......</strong></span> <span class='ocrx_word' id='word_1_257' title='bbox 1118 2690 1256 2754; x_wconf 71' lang='lat' dir='ltr'><strong>Ennius!</strong></span> <span class='ocrx_word' id='word_1_258' title='bbox 1280 2702 1447 2773; x_wconf 91' lang='lat' dir='ltr'><strong>sequuntur</strong></span> <span class='ocrx_word' id='word_1_259' title='bbox 1464 2691 1524 2754; x_wconf 92' lang='lat' dir='ltr'><strong>duo</strong></span> 
     </span>
    </p>
   </div>
   <div class='ocr_carea' id='block_1_5' title="bbox 175 2797 574 2880">
    <p class='ocr_par' dir='ltr' id='par_1_5' title="bbox 175 2797 574 2880">
     <span class='ocr_line' id='line_1_25' title="bbox 175 2797 574 2880; baseline 0.01 -25"><span class='ocrx_word' id='word_1_260' title='bbox 175 2816 279 2857; x_wconf 89' lang='lat' dir='ltr'><strong>versus</strong></span> <span class='ocrx_word' id='word_1_261' title='bbox 303 2819 341 2858; x_wconf 84' lang='lat' dir='ltr'><strong>ex</strong></span> <span class='ocrx_word' id='word_1_262' title='bbox 364 2797 446 2861; x_wconf 91' lang='lat' dir='ltr'><strong>Ann.</strong></span> <span class='ocrx_word' id='word_1_263' title='bbox 470 2801 574 2880; x_wconf 83' lang='lat' dir='ltr'><strong>petiti:</strong></span> 
     </span>
    </p>
   </div>
   <div class='ocr_carea' id='block_1_6' title="bbox 432 2902 1332 3056">
    <p class='ocr_par' dir='ltr' id='par_1_6' title="bbox 432 2902 1332 3056">
     <span class='ocr_line' id='line_1_26' title="bbox 435 2902 1152 2968; baseline -0.003 -16"><span class='ocrx_word' id='word_1_264' title='bbox 435 2902 622 2953; x_wconf 71' lang='lat' dir='ltr'><strong>‘structores</strong></span> <span class='ocrx_word' id='word_1_265' title='bbox 642 2917 735 2968; x_wconf 88' lang='lat' dir='ltr'><strong>equus,</strong></span> <span class='ocrx_word' id='word_1_266' title='bbox 754 2903 842 2967; x_wconf 80' lang='lat' dir='ltr'><strong>spatio</strong></span> <span class='ocrx_word' id='word_1_267' title='bbox 862 2904 908 2968; x_wconf 91' lang='lat' dir='ltr'><strong>qui</strong></span> <span class='ocrx_word' id='word_1_268' title='bbox 928 2916 1008 2967; x_wconf 86' lang='lat' dir='ltr'><strong>saepe</strong></span> <span class='ocrx_word' id='word_1_269' title='bbox 1027 2916 1152 2965; x_wconf 89' lang='lat' dir='ltr'><strong>supremo</strong></span> 
     </span>
     <span class='ocr_line' id='line_1_27' title="bbox 432 2987 1332 3056; baseline -0.002 -17"><span class='ocrx_word' id='word_1_270' title='bbox 432 2992 498 3039; x_wconf 84' lang='lat' dir='ltr'><strong>vicit</strong></span> <span class='ocrx_word' id='word_1_271' title='bbox 516 2990 649 3056; x_wconf 83' lang='lat' dir='ltr'><strong>Olympia,</strong></span> <span class='ocrx_word' id='word_1_272' title='bbox 667 3005 739 3039; x_wconf 86' lang='lat' dir='ltr'><strong>nunc</strong></span> <span class='ocrx_word' id='word_1_273' title='bbox 757 2992 833 3040; x_wconf 91' lang='lat' dir='ltr'><strong>senio</strong></span> <span class='ocrx_word' id='word_1_274' title='bbox 852 2988 984 3039; x_wconf 83' lang='lat' dir='ltr'><strong>confectu&#39;</strong></span> <span class='ocrx_word' id='word_1_275' title='bbox 1005 2987 1197 3055; x_wconf 62' lang='lat' dir='ltr'><strong>quaereremur</strong></span> <span class='ocrx_word' id='word_1_276' title='bbox 1217 3004 1257 3053; x_wconf 86' lang='lat' dir='ltr'><strong>sq.</strong></span> <span class='ocrx_word' id='word_1_277' title='bbox 1277 2988 1332 3052; x_wconf 69' lang='lat' dir='ltr'><strong>bb),</strong></span> 
     </span>
    </p>
   </div>
   <div class='ocr_carea' id='block_1_7' title="bbox 172 3076 1626 4307">
    <p class='ocr_par' dir='ltr' id='par_1_7' title="bbox 172 3076 1626 4307">
     <span class='ocr_line' id='line_1_28' title="bbox 174 3076 1526 3159; baseline 0.001 -24"><span class='ocrx_word' id='word_1_278' title='bbox 174 3076 222 3136; x_wconf 93' lang='lat' dir='ltr'><strong>cui</strong></span> <span class='ocrx_word' id='word_1_279' title='bbox 245 3076 325 3137; x_wconf 90' lang='lat' dir='ltr'><strong>dioto</strong></span> <span class='ocrx_word' id='word_1_280' title='bbox 349 3076 522 3159; x_wconf 87' lang='lat' dir='ltr'><strong>adiungitur</strong></span> <span class='ocrx_word' id='word_1_281' title='bbox 545 3081 645 3140; x_wconf 88' lang='lat' dir='ltr'><strong>statim</strong></span> <span class='ocrx_word' id='word_1_282' title='bbox 668 3080 744 3138; x_wconf 90' lang='lat' dir='ltr'><strong>baec</strong></span> <span class='ocrx_word' id='word_1_283' title='bbox 758 3079 981 3159; x_wconf 88' lang='lat' dir='ltr'><strong>interpretatio:</strong></span> <span class='ocrx_word' id='word_1_284' title='bbox 1007 3080 1087 3157; x_wconf 81' lang='lat' dir='ltr'><strong>‘equi</strong></span> <span class='ocrx_word' id='word_1_285' title='bbox 1111 3077 1196 3137; x_wconf 80' lang='lat' dir='ltr'><strong>fortis</strong></span> <span class='ocrx_word' id='word_1_286' title='bbox 1220 3087 1249 3137; x_wconf 91' lang='lat' dir='ltr'><strong>et</strong></span> <span class='ocrx_word' id='word_1_287' title='bbox 1271 3077 1394 3136; x_wconf 89' lang='lat' dir='ltr'><strong>victoris</strong></span> <span class='ocrx_word' id='word_1_288' title='bbox 1421 3097 1526 3137; x_wconf 87' lang='lat' dir='ltr'><strong>senec-</strong></span> 
     </span>
     <span class='ocr_line' id='line_1_29' title="bbox 174 3182 1626 3265; baseline 0.001 -26"><span class='ocrx_word' id='word_1_289' title='bbox 174 3184 230 3241; x_wconf 89' lang='lat' dir='ltr'><strong>tuti</strong></span> <span class='ocrx_word' id='word_1_290' title='bbox 255 3192 409 3265; x_wconf 83' lang='lat' dir='ltr'><strong>comparat</strong></span> <span class='ocrx_word' id='word_1_291' title='bbox 431 3204 517 3243; x_wconf 90' lang='lat' dir='ltr'><strong>suam</strong></span> <span class='ocrx_word' id='word_1_292' title='bbox 534 3226 541 3241; x_wconf 92' lang='lat'><strong>.</strong></span> <span class='ocrx_word' id='word_1_293' title='bbox 559 3230 566 3244; x_wconf 89' lang='lat'><strong>.</strong></span> <span class='ocrx_word' id='word_1_294' title='bbox 584 3230 616 3247; x_wconf 90' lang='lat'><strong>..</strong></span> <span class='ocrx_word' id='word_1_295' title='bbox 640 3203 735 3242; x_wconf 86' lang='lat' dir='ltr'><strong>annos</strong></span> <span class='ocrx_word' id='word_1_296' title='bbox 752 3184 946 3262; x_wconf 84' lang='lat' dir='ltr'><strong>septuaginta</strong></span> <span class='ocrx_word' id='word_1_297' title='bbox 969 3190 1057 3241; x_wconf 85' lang='lat' dir='ltr'><strong>natus</strong></span> <span class='ocrx_word' id='word_1_298' title='bbox 1080 3215 1124 3227; x_wconf 93' lang='lat'>-</span> <span class='ocrx_word' id='word_1_299' title='bbox 1146 3191 1191 3241; x_wconf 89' lang='lat' dir='ltr'><strong>tot</strong></span> <span class='ocrx_word' id='word_1_300' title='bbox 1213 3183 1294 3241; x_wconf 91' lang='lat' dir='ltr'><strong>enim</strong></span> <span class='ocrx_word' id='word_1_301' title='bbox 1312 3182 1392 3243; x_wconf 86' lang='lat' dir='ltr'><strong>vixit</strong></span> <span class='ocrx_word' id='word_1_302' title='bbox 1406 3182 1527 3241; x_wconf 82' lang='lat' dir='ltr'><strong>Ennius</strong></span> <span class='ocrx_word' id='word_1_303' title='bbox 1625 3242 1626 3265; x_wconf 24' lang='grc' dir='ltr'><strong>ἶ</strong></span> 
     </span>
     <span class='ocr_line' id='line_1_30' title="bbox 172 3282 1626 3367; baseline -0.001 -22"><span class='ocrx_word' id='word_1_304' title='bbox 172 3320 217 3332; x_wconf 87' lang='grc'><strong>--</strong></span> <span class='ocrx_word' id='word_1_305' title='bbox 238 3290 282 3346; x_wconf 87' lang='lat' dir='ltr'><strong>ite</strong></span> <span class='ocrx_word' id='word_1_306' title='bbox 303 3289 420 3349; x_wconf 81' lang='lat' dir='ltr'><strong>ferebat</strong></span> <span class='ocrx_word' id='word_1_307' title='bbox 435 3287 494 3347; x_wconf 92' lang='lat' dir='ltr'><strong>duo</strong></span> <span class='ocrx_word' id='word_1_308' title='bbox 517 3309 595 3367; x_wconf 90' lang='lat' dir='ltr'><strong>quae</strong></span> <span class='ocrx_word' id='word_1_309' title='bbox 611 3288 744 3347; x_wconf 84' lang='lat' dir='ltr'><strong>maxima</strong></span> <span class='ocrx_word' id='word_1_310' title='bbox 765 3295 912 3367; x_wconf 86' lang='lat' dir='ltr'><strong>putantur</strong></span> <span class='ocrx_word' id='word_1_311' title='bbox 928 3306 1031 3361; x_wconf 82' lang='lat' dir='ltr'><strong>onere,</strong></span> <span class='ocrx_word' id='word_1_312' title='bbox 1054 3295 1267 3367; x_wconf 87' lang='lat' dir='ltr'><strong>paupertatem</strong></span> <span class='ocrx_word' id='word_1_313' title='bbox 1283 3295 1313 3347; x_wconf 91' lang='lat' dir='ltr'><strong>et</strong></span> <span class='ocrx_word' id='word_1_314' title='bbox 1328 3295 1526 3359; x_wconf 87' lang='lat' dir='ltr'><strong>senectutem,</strong></span> <span class='ocrx_word' id='word_1_315' title='bbox 1625 3282 1626 3313; x_wconf 64' lang='lat' dir='ltr'><strong>r</strong></span> 
     </span>
     <span class='ocr_line' id='line_1_31' title="bbox 173 3390 1625 3472; baseline 0.001 -23"><span class='ocrx_word' id='word_1_316' title='bbox 173 3401 207 3450; x_wconf 94' lang='lat' dir='ltr'><strong>ut</strong></span> <span class='ocrx_word' id='word_1_317' title='bbox 229 3396 273 3451; x_wconf 86' lang='lat' dir='ltr'><strong>ele</strong></span> <span class='ocrx_word' id='word_1_318' title='bbox 295 3414 392 3472; x_wconf 88' lang='lat' dir='ltr'><strong>paene</strong></span> <span class='ocrx_word' id='word_1_319' title='bbox 415 3393 559 3453; x_wconf 87' lang='lat' dir='ltr'><strong>delectari</strong></span> <span class='ocrx_word' id='word_1_320' title='bbox 581 3392 756 3454; x_wconf 85' lang='lat' dir='ltr'><strong>videretur.&#39;</strong></span> <span class='ocrx_word' id='word_1_321' title='bbox 787 3392 920 3472; x_wconf 89' lang='lat' dir='ltr'><strong>denique</strong></span> <span class='ocrx_word' id='word_1_322' title='bbox 942 3392 975 3450; x_wconf 92' lang='lat' dir='ltr'><strong>in</strong></span> <span class='ocrx_word' id='word_1_323' title='bbox 997 3390 1179 3466; x_wconf 87' lang='lat' dir='ltr'><strong>definiendo,</strong></span> <span class='ocrx_word' id='word_1_324' title='bbox 1205 3412 1264 3472; x_wconf 89' lang='lat' dir='ltr'><strong>quo</strong></span> <span class='ocrx_word' id='word_1_325' title='bbox 1288 3412 1368 3452; x_wconf 85' lang='lat' dir='ltr'><strong>euno</strong></span> <span class='ocrx_word' id='word_1_326' title='bbox 1391 3401 1528 3451; x_wconf 86' lang='lat' dir='ltr'><strong>mortuus</strong></span> <span class='ocrx_word' id='word_1_327' title='bbox 1624 3462 1625 3465; x_wconf 7' lang='grc' dir='ltr'><strong>Ἴ</strong></span> 
     </span>
     <span class='ocr_line' id='line_1_32' title="bbox 174 3493 1526 3578; baseline 0.003 -25"><span class='ocrx_word' id='word_1_328' title='bbox 174 3496 213 3556; x_wconf 89' lang='lat' dir='ltr'><strong>sit</strong></span> <span class='ocrx_word' id='word_1_329' title='bbox 235 3497 363 3574; x_wconf 79' lang='lat' dir='ltr'><strong>Ennius,</strong></span> <span class='ocrx_word' id='word_1_330' title='bbox 394 3500 461 3578; x_wconf 89' lang='lat' dir='ltr'><strong>pari</strong></span> <span class='ocrx_word' id='word_1_331' title='bbox 495 3497 654 3577; x_wconf 89' lang='lat' dir='ltr'><strong>diligentia</strong></span> <span class='ocrx_word' id='word_1_332' title='bbox 688 3493 864 3555; x_wconf 82' lang='lat' dir='ltr'><strong>Ciceronem</strong></span> <span class='ocrx_word' id='word_1_333' title='bbox 892 3504 979 3555; x_wconf 80' lang='lat' dir='ltr'><strong>usum</strong></span> <span class='ocrx_word' id='word_1_334' title='bbox 1013 3516 1078 3557; x_wconf 86' lang='lat' dir='ltr'><strong>esse</strong></span> <span class='ocrx_word' id='word_1_335' title='bbox 1100 3497 1238 3556; x_wconf 88' lang='lat' dir='ltr'><strong>videmus</strong></span> <span class='ocrx_word' id='word_1_336' title='bbox 1272 3506 1365 3577; x_wconf 89' lang='lat' dir='ltr'><strong>atque</strong></span> <span class='ocrx_word' id='word_1_337' title='bbox 1397 3498 1428 3554; x_wconf 90' lang='lat' dir='ltr'><strong>in</strong></span> <span class='ocrx_word' id='word_1_338' title='bbox 1452 3506 1526 3557; x_wconf 88' lang='lat' dir='ltr'><strong>tom·</strong></span> 
     </span>
     <span class='ocr_line' id='line_1_33' title="bbox 173 3599 1526 3681; baseline -0.001 -21"><span class='ocrx_word' id='word_1_339' title='bbox 173 3601 297 3681; x_wconf 91' lang='lat' dir='ltr'><strong>poribus</strong></span> <span class='ocrx_word' id='word_1_340' title='bbox 321 3602 499 3676; x_wconf 76' lang='lat' dir='ltr'><strong>statuendis,</strong></span> <span class='ocrx_word' id='word_1_341' title='bbox 523 3602 562 3661; x_wconf 90' lang='lat' dir='ltr'><strong>ad</strong></span> <span class='ocrx_word' id='word_1_342' title='bbox 586 3620 663 3681; x_wconf 88' lang='lat' dir='ltr'><strong>quae</strong></span> <span class='ocrx_word' id='word_1_343' title='bbox 680 3600 853 3660; x_wconf 87' lang='lat' dir='ltr'><strong>revocanda</strong></span> <span class='ocrx_word' id='word_1_344' title='bbox 876 3610 945 3660; x_wconf 91' lang='lat' dir='ltr'><strong>sunt</strong></span> <span class='ocrx_word' id='word_1_345' title='bbox 966 3600 1132 3660; x_wconf 85' lang='lat' dir='ltr'><strong>litterarum</strong></span> <span class='ocrx_word' id='word_1_346' title='bbox 1150 3601 1325 3661; x_wconf 83' lang='lat' dir='ltr'><strong>Latinarum</strong></span> <span class='ocrx_word' id='word_1_347' title='bbox 1349 3599 1526 3680; x_wconf 86' lang='lat' dir='ltr'><strong>primordia.</strong></span> 
     </span>
     <span class='ocr_line' id='line_1_34' title="bbox 174 3705 1526 3794; baseline -0.002 -28"><span class='ocrx_word' id='word_1_348' title='bbox 174 3708 284 3766; x_wconf 88' lang='lat' dir='ltr'><strong>etenim</strong></span> <span class='ocrx_word' id='word_1_349' title='bbox 309 3706 417 3767; x_wconf 81' lang='lat' dir='ltr'><strong>Catoni</strong></span> <span class='ocrx_word' id='word_1_350' title='bbox 444 3706 482 3766; x_wconf 91' lang='lat' dir='ltr'><strong>de</strong></span> <span class='ocrx_word' id='word_1_351' title='bbox 510 3727 574 3768; x_wconf 91' lang='lat' dir='ltr'><strong>sen.</strong></span> <span class='ocrx_word' id='word_1_352' title='bbox 599 3707 628 3779; x_wconf 81' lang='lat'><strong>5,</strong></span> <span class='ocrx_word' id='word_1_353' title='bbox 660 3708 700 3764; x_wconf 89' lang='grc'><strong>14</strong></span> <span class='ocrx_word' id='word_1_354' title='bbox 731 3705 806 3764; x_wconf 86' lang='lat' dir='ltr'><strong>baec</strong></span> <span class='ocrx_word' id='word_1_355' title='bbox 829 3705 934 3765; x_wconf 88' lang='lat' dir='ltr'><strong>tribuit</strong></span> <span class='ocrx_word' id='word_1_356' title='bbox 963 3705 1071 3766; x_wconf 88' lang='lat' dir='ltr'><strong>verba:</strong></span> <span class='ocrx_word' id='word_1_357' title='bbox 1107 3711 1207 3785; x_wconf 87' lang='lat' dir='ltr'><strong>‘quem</strong></span> <span class='ocrx_word' id='word_1_358' title='bbox 1232 3705 1353 3794; x_wconf 84' lang='lat' dir='ltr'><strong>quidem</strong></span> <span class='ocrx_word' id='word_1_359' title='bbox 1378 3706 1526 3778; x_wconf 81' lang='lat' dir='ltr'><strong>(Ennium</strong></span> 
     </span>
     <span class='ocr_line' id='line_1_35' title="bbox 174 3810 1526 3891; baseline -0.001 -21"><span class='ocrx_word' id='word_1_360' title='bbox 174 3810 259 3889; x_wconf 90' lang='lat' dir='ltr'><strong>dicit)</strong></span> <span class='ocrx_word' id='word_1_361' title='bbox 283 3811 378 3891; x_wconf 91' lang='lat' dir='ltr'><strong>probe</strong></span> <span class='ocrx_word' id='word_1_362' title='bbox 399 3813 570 3871; x_wconf 89' lang='lat' dir='ltr'><strong>meminisse</strong></span> <span class='ocrx_word' id='word_1_363' title='bbox 592 3812 733 3891; x_wconf 87' lang='lat' dir='ltr'><strong>potestis:</strong></span> <span class='ocrx_word' id='word_1_364' title='bbox 758 3831 837 3871; x_wconf 89' lang='lat' dir='ltr'><strong>anno</strong></span> <span class='ocrx_word' id='word_1_365' title='bbox 861 3812 941 3871; x_wconf 91' lang='lat' dir='ltr'><strong>enim</strong></span> <span class='ocrx_word' id='word_1_366' title='bbox 964 3810 1191 3870; x_wconf 86' lang='lat' dir='ltr'><strong>undevicesimo</strong></span> <span class='ocrx_word' id='word_1_367' title='bbox 1215 3819 1284 3890; x_wconf 87' lang='lat' dir='ltr'><strong>post</strong></span> <span class='ocrx_word' id='word_1_368' title='bbox 1307 3811 1372 3870; x_wconf 85' lang='lat' dir='ltr'><strong>eius</strong></span> <span class='ocrx_word' id='word_1_369' title='bbox 1398 3820 1526 3870; x_wconf 87' lang='lat' dir='ltr'><strong>mortem</strong></span> 
     </span>
     <span class='ocr_line' id='line_1_36' title="bbox 173 3911 1523 3999; baseline 0.001 -25"><span class='ocrx_word' id='word_1_370' title='bbox 173 3914 204 3974; x_wconf 90' lang='lat' dir='ltr'><strong>hi</strong></span> <span class='ocrx_word' id='word_1_371' title='bbox 227 3918 364 3976; x_wconf 88' lang='lat' dir='ltr'><strong>consules</strong></span> <span class='ocrx_word' id='word_1_372' title='bbox 387 3918 427 3978; x_wconf 76' lang='lat' dir='ltr'><strong>T.</strong></span> <span class='ocrx_word' id='word_1_373' title='bbox 450 3918 619 3976; x_wconf 78' lang='lat' dir='ltr'><strong>Flaminius</strong></span> <span class='ocrx_word' id='word_1_374' title='bbox 654 3927 684 3977; x_wconf 90' lang='lat' dir='ltr'><strong>et</strong></span> <span class='ocrx_word' id='word_1_375' title='bbox 706 3918 747 3979; x_wconf 90' lang='grc' dir='ltr'><strong>Μ.</strong></span> <span class='ocrx_word' id='word_1_376' title='bbox 771 3916 891 3977; x_wconf 87' lang='lat' dir='ltr'><strong>Acilius</strong></span> <span class='ocrx_word' id='word_1_377' title='bbox 919 3918 992 3977; x_wconf 86' lang='lat' dir='ltr'><strong>facti</strong></span> <span class='ocrx_word' id='word_1_378' title='bbox 1016 3925 1086 3976; x_wconf 90' lang='lat' dir='ltr'><strong>sunt</strong></span> <span class='ocrx_word' id='word_1_379' title='bbox 1119 3911 1308 3999; x_wconf 69' lang='lat' dir='ltr'>(604J150);</span> <span class='ocrx_word' id='word_1_380' title='bbox 1341 3914 1395 3975; x_wconf 93' lang='lat' dir='ltr'><strong>ille</strong></span> <span class='ocrx_word' id='word_1_381' title='bbox 1419 3924 1523 3976; x_wconf 88' lang='lat' dir='ltr'><strong>autem</strong></span> 
     </span>
     <span class='ocr_line' id='line_1_37' title="bbox 174 4016 1525 4103; baseline 0.001 -24"><span class='ocrx_word' id='word_1_382' title='bbox 174 4019 328 4099; x_wconf 81' lang='lat' dir='ltr'><strong>Caepione</strong></span> <span class='ocrx_word' id='word_1_383' title='bbox 351 4031 382 4081; x_wconf 90' lang='lat' dir='ltr'><strong>et</strong></span> <span class='ocrx_word' id='word_1_384' title='bbox 403 4021 548 4100; x_wconf 92' lang='lat' dir='ltr'><strong>Philippo</strong></span> <span class='ocrx_word' id='word_1_385' title='bbox 577 4023 687 4081; x_wconf 89' lang='lat' dir='ltr'><strong>iterum</strong></span> <span class='ocrx_word' id='word_1_386' title='bbox 719 4022 893 4083; x_wconf 85' lang='lat' dir='ltr'><strong>consulibus</strong></span> <span class='ocrx_word' id='word_1_387' title='bbox 926 4029 1060 4080; x_wconf 88' lang='lat' dir='ltr'><strong>mortuus</strong></span> <span class='ocrx_word' id='word_1_388' title='bbox 1084 4028 1130 4079; x_wconf 88' lang='lat' dir='ltr'><strong>est</strong></span> <span class='ocrx_word' id='word_1_389' title='bbox 1159 4016 1342 4103; x_wconf 73' lang='lat' dir='ltr'><strong>(585l169)‚</strong></span> <span class='ocrx_word' id='word_1_390' title='bbox 1376 4039 1444 4079; x_wconf 89' lang='lat' dir='ltr'><strong>cum</strong></span> <span class='ocrx_word' id='word_1_391' title='bbox 1467 4040 1525 4100; x_wconf 90' lang='lat' dir='ltr'><strong>ego</strong></span> 
     </span>
     <span class='ocr_line' id='line_1_38' title="bbox 174 4124 1526 4206; baseline 0.001 -23"><span class='ocrx_word' id='word_1_392' title='bbox 174 4126 309 4204; x_wconf 92' lang='lat' dir='ltr'><strong>quinque</strong></span> <span class='ocrx_word' id='word_1_393' title='bbox 336 4135 366 4187; x_wconf 92' lang='lat' dir='ltr'><strong>et</strong></span> <span class='ocrx_word' id='word_1_394' title='bbox 393 4126 553 4205; x_wconf 83' lang='lat' dir='ltr'><strong>sexaginta</strong></span> <span class='ocrx_word' id='word_1_395' title='bbox 580 4147 676 4185; x_wconf 89' lang='lat' dir='ltr'><strong>annos</strong></span> <span class='ocrx_word' id='word_1_396' title='bbox 709 4137 796 4187; x_wconf 86' lang='lat' dir='ltr'><strong>natus</strong></span> <span class='ocrx_word' id='word_1_397' title='bbox 824 4128 924 4206; x_wconf 86' lang='lat' dir='ltr'><strong>legem</strong></span> <span class='ocrx_word' id='word_1_398' title='bbox 947 4126 1112 4186; x_wconf 88' lang='lat' dir='ltr'><strong>Voconiam</strong></span> <span class='ocrx_word' id='word_1_399' title='bbox 1141 4146 1252 4204; x_wconf 83' lang='lat' dir='ltr'><strong>magna</strong></span> <span class='ocrx_word' id='word_1_400' title='bbox 1282 4145 1356 4185; x_wconf 87' lang='lat' dir='ltr'><strong>voce</strong></span> <span class='ocrx_word' id='word_1_401' title='bbox 1384 4134 1415 4183; x_wconf 88' lang='lat' dir='ltr'><strong>ot</strong></span> <span class='ocrx_word' id='word_1_402' title='bbox 1436 4124 1526 4185; x_wconf 89' lang='lat' dir='ltr'><strong>bonis</strong></span> 
     </span>
     <span class='ocr_line' id='line_1_39' title="bbox 172 4230 1523 4307; baseline 0.001 -20"><span class='ocrx_word' id='word_1_403' title='bbox 172 4230 317 4291; x_wconf 88' lang='lat' dir='ltr'><strong>luteribus</strong></span> <span class='ocrx_word' id='word_1_404' title='bbox 339 4231 509 4291; x_wconf 84' lang='lat' dir='ltr'><strong>euasissem’</strong></span> <span class='ocrx_word' id='word_1_405' title='bbox 534 4239 564 4289; x_wconf 90' lang='lat' dir='ltr'><strong>et</strong></span> <span class='ocrx_word' id='word_1_406' title='bbox 586 4231 671 4294; x_wconf 86' lang='lat' dir='ltr'><strong>Brut.</strong></span> <span class='ocrx_word' id='word_1_407' title='bbox 696 4232 748 4304; x_wconf 75' lang='lat'><strong>20,</strong></span> <span class='ocrx_word' id='word_1_408' title='bbox 782 4234 821 4290; x_wconf 87' lang='grc'><strong>78</strong></span> <span class='ocrx_word' id='word_1_409' title='bbox 846 4232 926 4290; x_wconf 88' lang='lat' dir='ltr'><strong>hunc</strong></span> <span class='ocrx_word' id='word_1_410' title='bbox 958 4251 1071 4289; x_wconf 89' lang='lat' dir='ltr'><strong>annum</strong></span> <span class='ocrx_word' id='word_1_411' title='bbox 1103 4230 1190 4289; x_wconf 92' lang='lat' dir='ltr'><strong>illum</strong></span> <span class='ocrx_word' id='word_1_412' title='bbox 1222 4230 1316 4289; x_wconf 81' lang='lat' dir='ltr'><strong>fuisse</strong></span> <span class='ocrx_word' id='word_1_413' title='bbox 1348 4230 1523 4307; x_wconf 85' lang='lat' dir='ltr'><strong>accipimus,</strong></span> 
     </span>
    </p>
   </div>
   <div class='ocr_carea' id='block_1_8' title="bbox 280 4490 824 4558">
    <p class='ocr_par' dir='ltr' id='par_1_8' title="bbox 280 4490 824 4558">
     <span class='ocr_line' id='line_1_40' title="bbox 280 4490 824 4558; baseline -0.002 -16"><span class='ocrx_word' id='word_1_414' title='bbox 280 4493 299 4558; x_wconf 85' lang='lat'><strong>¹)</strong></span> <span class='ocrx_word' id='word_1_415' title='bbox 319 4492 359 4543; x_wconf 79' lang='lat' dir='ltr'><strong>Of.</strong></span> <span class='ocrx_word' id='word_1_416' title='bbox 380 4494 412 4542; x_wconf 85' lang='lat' dir='ltr'><strong>L.</strong></span> <span class='ocrx_word' id='word_1_417' title='bbox 430 4491 543 4542; x_wconf 90' lang='lat' dir='ltr'><strong>Mueller</strong></span> <span class='ocrx_word' id='word_1_418' title='bbox 562 4491 594 4554; x_wconf 73' lang='lat' dir='ltr'><strong>Q,</strong></span> <span class='ocrx_word' id='word_1_419' title='bbox 613 4492 717 4541; x_wconf 83' lang='lat' dir='ltr'><strong>Ennius</strong></span> <span class='ocrx_word' id='word_1_420' title='bbox 736 4508 761 4557; x_wconf 89' lang='lat' dir='ltr'><strong>p.</strong></span> <span class='ocrx_word' id='word_1_421' title='bbox 781 4490 824 4541; x_wconf 82' lang='lat'><strong>63.</strong></span> 
     </span>
    </p>
   </div>
   <div class='ocr_carea' id='block_1_9' title="bbox 0 0 1660 5059">
    <p class='ocr_par' dir='ltr' id='par_1_9' title="bbox 0 0 1660 5059">
     <span class='ocr_line' id='line_1_41' title="bbox 0 0 1660 5059; baseline 0 0"><span class='ocrx_word' id='word_1_422' title='bbox 0 0 1660 5059; x_wconf 95' lang='lat' dir='ltr'><strong> </strong></span> 
     </span>
    </p>
   </div>
  </div>
 </body>
</html>
