3300 5059
1407 245 1469 302 327

119 430 207 492 huius
235 434 328 512 igitur
349 431 552 492 meditationis
574 451 695 494 versum
716 434 847 513 primum
870 442 900 493 et
931 434 1070 493 ultimum
1096 434 1200 495 Cicero
1224 434 1333 496 Cottae
1366 440 1471 497 tribuit

120 536 158 597 de
180 538 299 598 ratione
321 535 497 617 disputanti.
531 557 621 618 quam
655 557 726 597 vero
750 539 900 598 Parmeno
935 558 1041 599 servus
1064 540 1173 601 amoris
1205 540 1303 601 adfert
1337 540 1467 622 descrip-

119 644 235 704 tionem
257 644 454 724 aptissimam,
489 664 555 703 eam
584 652 679 705 totam
700 644 766 704 fere
788 644 942 705 transtulit
964 642 1071 706 Cicero
1103 646 1135 706 in
1163 646 1262 713 locum
1286 646 1377 707 Tusc.
1403 648 1470 706 IIII

121 750 173 828 35,
192 751 246 810 76:
271 750 414 809 ‘maxime
438 748 645 810 admonendus
667 758 767 810 autem
791 758 846 826 est,
876 759 1007 831 quantus
1029 752 1068 812 sit
1089 752 1175 814 furor
1196 753 1329 813 amoris.
1347 796 1356 815 .
1374 797 1381 813 .
1399 774 1469 812 narn

119 862 153 913 ut
175 854 230 914 illa
264 863 451 939 praeteream
485 863 657 935 quaesunt
687 856 805 931 furoris,
840 855 916 917 haec
943 857 1011 937 ipsa
1041 877 1097 937 per
1128 877 1194 919 sese
1230 878 1320 938 quom
1344 857 1467 919 habeut

119 958 285 1036 levitatem,
310 981 388 1042 quae
408 959 552 1023 videntur
575 980 641 1022 esse
662 959 847 1021 mediocria?
1395 975 1397 977 ’

435 1116 784 1136 ..............
807 1079 931 1148 inidriae,

435 1167 611 1235 suspiciones,
628 1166 794 1233 inimicitiae,
812 1168 943 1235 indritiae,

431 1254 539 1319 belhim,
557 1272 610 1323 pax
628 1273 745 1311 rursum:
763 1256 867 1309 incerta
885 1257 953 1308 haee
971 1257 995 1309 si
1012 1263 1042 1308 tu
1059 1256 1193 1323 portatos,
1297 1268 1302 1279 ·

430 1343 534 1396 1111611
552 1350 627 1410 certa
643 1342 741 1408 facere,
759 1345 844 1395 nihilo
863 1342 923 1411 phio
941 1361 1022 1411 agae,

435 1446 516 1497 quam
534 1430 559 1482 si
576 1432 623 1482 des
642 1446 749 1499 operam
766 1430 875 1483 nterim
893 1434 998 1483 ratione
1015 1428 1143 1483 instnias‘
1163 1433 1187 1499 (1
1205 1436 1229 1496 1,
1250 1436 1281 1485 14
1299 1436 1377 1502 sqq.).

120 1578 210 1636 porro
243 1576 386 1618 scaenam
409 1557 493 1618 illam
516 1557 577 1632 (III
601 1553 646 1639 1),
679 1556 731 1617 ubi
755 1557 873 1618 Thraso
906 1552 979 1617 oum
995 1557 1129 1639 parasito
1162 1576 1330 1619 sermonem
1361 1560 1468 1637 iungit,

124 1682 183 1743 quo
205 1664 361 1745 utriusque
384 1683 481 1724 mores
513 1663 564 1722 vel
586 1662 700 1743 optime
730 1670 883 1737 notantur,
918 1662 968 1721 hic
995 1663 1100 1722 militis
1133 1662 1257 1742 gloriosi
1292 1683 1485 1744 semperque·

124 1788 157 1828 se
184 1770 334 1851 iactantis,
367 1769 431 1829 illic
452 1769 579 1848 parasiti
603 1767 799 1828 adsentientis
823 1776 854 1828 et
877 1768 1011 1841 officiosi,
1045 1788 1185 1847 magnam
1207 1766 1382 1847 praebuisse
1405 1769 1471 1827 veri

124 1873 222 1934 simile
246 1882 291 1934 est
314 1872 451 1933 Ciceroni
475 1872 679 1954 voluptatem:
716 1872 787 1933 inde
819 1874 901 1933 enim
924 1874 1054 1952 sumpsit
1076 1893 1179 1935 versus
1202 1872 1253 1932 III
1277 1878 1306 1951 1,
1331 1874 1469 1944 50-55,

123 1978 177 2038 ubi
200 1975 324 2039 Gnatho
347 1978 500 2038 Thrasoni
535 1976 706 2057 quomodo
730 1997 763 2037 se
785 1988 870 2056 gerat
893 1977 1057 2056 praecipit:
1092 1997 1161 2036 nam
1184 1977 1210 2037 si
1233 1976 1354 2057 quando
1378 1976 1472 2035 Thais

123 2083 222 2157 militi,
247 2082 327 2143 ‘eum
360 2091 394 2142 ut
429 2083 509 2143 male
541 2081 628 2164 urat’,
661 2081 844 2142 Phaedriam
875 2078 1097 2142 adulescentem
1121 2080 1236 2165 laudet,
1259 2080 1419 2163 Pamphila
1440 2090 1474 2139 ut

124 2196 230 2248 contra
251 2189 392 2249 laudetur
414 2209 433 2248 a
455 2169 626 2262 Thrasone,
646 2186 753 2248 suadet
773 2186 822 2248 his
845 2186 960 2248 verbis:

434 2327 491 2377 ‘ubi
507 2324 657 2377 nominabit
674 2324 844 2388 Phaedriam,
863 2329 893 2374 tu
911 2320 1081 2391 Pimphilam

434 2411 574 2464 continuor
592 2414 615 2464 si
633 2413 740 2479 quando
760 2410 808 2464 llla
828 2412 900 2462 dicet
917 2407 1087 2462 ‘Phaedriam

433 2500 502 2553 intro
521 2502 657 2552 mittamus
676 2496 898 2553 cdmmissatum':
917 2496 1085 2565 Pimphilam

435 2587 571 2641 1111111111
588 2586 774 2654 prouocemus.
792 2590 816 2638 si
833 2582 956 2638 laudibit
973 2587 1040 2637 haec
1079 2600 1081 2607 ·

436 2674 510 2728 illius
527 2676 653 2727 formam:
670 2680 701 2726 tu
719 2673 797 2725 hriius
816 2678 916 2725 contra
936 2670 1052 2740 denique

436 2779 485 2830 par
502 2763 550 2831 prb
568 2765 629 2830 pari
646 2760 752 2826 referto,
770 2762 844 2829 quod
863 2776 921 2812 eam
940 2758 1069 2813 mbrdeat'
1088 2759 1140 2827 (111
1160 2762 1181 2823 1,
1201 2761 1235 2810 50
1253 2761 1331 2827 sqq.).

123 2899 215 2971 atquc
238 2888 344 2951 Cicero
368 2910 434 2951 sese
457 2887 546 2964 idem,
571 2887 651 2969 quod
673 2889 824 2970 parasitus
849 2885 984 2961 suadeat,
1018 2886 1060 2945 ait
1091 2878 1199 2945 iecisse
1232 2886 1264 2944 in
1287 2885 1323 2947 P.
1347 2884 1471 2944 Vatinio

123 2994 324 3071 defendendo,
357 3015 485 3077 quocum
516 2996 549 3054 in
582 2995 709 3073 gratiam
741 3013 775 3052 se
801 2992 913 3053 rediise
947 2990 984 3050 ad
1011 2990 1175 3051 Lentulum
1196 2987 1301 3049 scribit
1323 2985 1375 3071 (ad
1398 2990 1470 3047 iam.

121 3101 194 3181 Ie,
220 3098 286 3187 19).
316 3101 379 3162 ‘sed
402 3103 513 3163 tamen’
539 3101 640 3180 inquit
667 3098 864 3160 ‘defendendi
886 3097 1003 3157 Vatinii
1032 3096 1090 3156 fuit
1125 3096 1216 3156 etiam
1247 3092 1301 3153 1111
1323 3094 1472 3168 stimulus,

124 3208 163 3267 de
186 3227 245 3287 quo
268 3208 301 3267 in
324 3206 446 3286 iudicio,
470 3227 537 3268 cum
560 3206 646 3266 illum
670 3204 873 3283 defenderem,
904 3202 969 3262 dixi
999 3222 1048 3263 me
1079 3203 1181 3262 iacere
1204 3198 1357 3281 quiddam,
1394 3198 1473 3277 qnod

123 3314 154 3371 in
178 3312 327 3373 Eunucho
349 3314 499 3393 parasitus
523 3313 663 3374 suaderet
686 3312 775 3371 militi
799 3309 861 3369 ‘ubi
886 3353 944 3369 ...
968 3305 1123 3367 mbrdeat’.
1146 3306 1189 3365 sic
1211 3305 1307 3385 petivi
1327 3326 1346 3363 a
1368 3304 1474 3363 iudici-

122 3419 190 3500 bus,
215 3420 359 3499 quoniam
383 3419 506 3500 quidam
528 3418 647 3479 nobiles
668 3416 805 3477 homines
828 3459 889 3473 ...
912 3414 1002 3473 nimis
1035 3420 1171 3473 amarent
1197 3410 1353 3469 inimicum
1375 3430 1475 3467 meum

209 3526 414 3606 quoniamque
446 3523 492 3583 illi
519 3523 666 3584 haberent
689 3543 775 3583 suum
796 3519 939 3581 Publium
964 3512 1144 3604 (Clodium),
1176 3514 1283 3575 darent
1315 3515 1389 3575 mihi
1417 3516 1475 3593 ipsi

126 3630 220 3689 alium
242 3629 386 3690 Publium
411 3623 607 3713 (Vatinium),
638 3626 669 3687 in
697 3648 756 3707 quo
784 3646 905 3708 possem
932 3625 1052 3686 illorum
1081 3623 1197 3683 animos
1219 3620 1411 3681 mediocriter
1433 3621 1475 3678 la-

125 3736 250 3796 cessitus
277 3736 386 3795 leviter
408 3735 592 3814 repungere’.
627 3730 823 3812 eiusdemque
846 3750 975 3791 scaenae
997 3737 1066 3789 sunt
1085 3727 1178 3788 verba
1204 3725 1267 3805 illa,
1298 3745 1376 3807 quae
1400 3726 1478 3781 inter

124 3860 157 3901 se
186 3841 352 3922 loquuntur
374 3839 492 3900 Thraso
516 3847 547 3899 11
567 3839 717 3919 parasitus
741 3836 858 3895 deam.
885 3838 935 3909 26,
961 3837 1011 3897 98.
1036 3855 1095 3893 una
1124 3833 1214 3905 enim,
1241 3851 1331 3911 quam
1356 3829 1476 3891 Gnatho

124 3946 245 4022 subicit,
270 3966 345 4007 voce
367 3947 568 4027 parasitorum
592 3942 776 4004 consuetudo
805 3940 880 4002 adeo
903 3959 976 4001 vere
999 3939 1184 4020 depingitur,
1214 3944 1248 3996 ut
1271 3935 1386 4009 011111,
1411 3956 1476 3992 curn

125 4052 164 4113 de
187 4073 289 4115 eorum
312 4050 445 4112 moribus
468 4052 653 4131 loqueretur,
687 4047 760 4108 inde
781 4044 1117 4129 potissimum-petierit
1138 4042 1333 4121 exemplum(
1356 4039 1476 4098 Thraso

125 4162 207 4220 enim
230 4180 269 4220 ex
292 4157 619 4236 Gnathonequocum
642 4154 744 4237 prodit
769 4155 800 4213 in
824 4172 972 4228 scaenam,
1002 4150 1128 4231 quaerit,
1163 4168 1222 4227 quo
1257 4146 1359 4206 animo
1382 4145 1477 4203 Thais

126 4264 239 4327 donum
263 4286 281 4324 a
303 4284 336 4325 se
358 4262 480 4324 missum
505 4262 669 4342 exceperit,
693 4261 741 4321 his
763 4259 880 4320 verbisr

441 4399 562 4470 ‘maguis
580 4416 645 4453 uero
664 4414 745 4466 agero
763 4398 865 4465 gritias
882 4396 965 4448 Thais
985 4394 1076 4447 mihit’

124 4486 189 4537 tum
213 4476 350 4539 Gnatho:

439 4558 570 4626 ‘ingentis'
590 4559 642 4627 (ΠΙ
661 4561 684 4621 1,
705 4561 718 4609 1
738 4558 798 4623 sq).
