3300 5059
1414 289 1476 349 983

127 469 282 530 laboribus
303 470 354 530 hic
375 472 545 551 praeteritis
567 471 700 551 gaudet)
723 494 812 553 quem
835 474 933 533 locum
957 476 1048 534 etiam
1083 477 1203 558 attingit
1226 479 1264 540 de
1287 500 1328 540 or.
1352 483 1402 542 IlI
1425 485 1476 556 42,

131 580 203 644 167.
226 589 318 661 atque
342 579 448 642 eodem
470 582 600 642 refertur
622 601 640 639 a
662 582 807 642 Muellero
831 583 949 642 initium
972 604 1086 659 versus,
1112 584 1191 667 quod
1214 587 1342 666 legimus
1364 587 1476 648 ibidem

129 691 231 744 ‘testes
254 694 324 746 sunt
346 688 445 768 campi
468 686 590 768 magni’,
614 685 679 749 sine
702 688 793 748 dubio
816 688 857 751 τὰ
873 689 1010 771 Μεγάλοι
1032 691 1128 755 πεδία
1150 692 1333 773 καλούμενοι
1355 692 1476 773 (Polyb.

130 789 232 849 XIIII
269 787 312 874 7),
357 791 409 852 ubi
447 793 559 874 Scipio
586 814 613 852 a.
653 791 796 877 551s203
835 794 1006 876 Syphacem
1046 796 1327 877 Hasdrubalemque
1364 798 1478 857 vicerat

129 894 213 974 (niv.
237 897 335 957 XXX
356 894 400 980 8).
439 908 553 960 ceteras
575 920 649 961 vero
676 909 803 980 saturas,
843 922 922 981 quae
956 910 1026 961 sunt
1049 898 1334 982 ‘Hedypbagetiea’,
1374 903 1476 975 ‘Sota’,

128 1001 319 1082 ‘Praecepta’
341 1023 394 1064 seu
419 1006 657 1085 ‘Protrepticus’,
682 1007 805 1068 'Pullius
829 1008 928 1067 omnio
941 1028 1011 1068 nou
1034 1009 1160 1068 curavit.

233 1108 510 1189 Epigrammata
525 1113 656 1171 Ennium
679 1112 787 1175 fecisse
810 1132 942 1193 eumque
964 1112 1046 1193 apud
1060 1114 1211 1173 Romanos
1227 1110 1355 1193 primum
1370 1112 1476 1173 Isidor.

128 1212 235 1293 Origg.
260 1215 276 1273 1
301 1218 341 1276 38
364 1224 499 1276 testatur.
524 1236 687 1298 quaecum
709 1238 764 1297 pro
787 1213 899 1296 genere
922 1238 976 1277 suo
1000 1219 1216 1278 sententiarum
1232 1218 1365 1296 argutias
1392 1234 1478 1297 quas·

129 1316 198 1376 darn
223 1329 253 1379 et
275 1321 473 1382 subtilitatem
496 1342 568 1403 prae
591 1306 627 1384 se¹
645 1325 767 1398 ferrent,
801 1314 870 1383 fieri
900 1345 959 1384 non
983 1326 1089 1399 potuit,
1125 1324 1198 1404 quin
1232 1323 1406 1403 diligentius
1440 1343 1477 1382 ea

128 1420 243 1501 legeret
265 1424 380 1500 Cicero,
406 1428 519 1508 quippe
542 1430 594 1508 qui
624 1431 688 1488 eius
712 1429 792 1488 modi
814 1428 914 1489 lusus·
932 1430 963 1489 in
986 1431 1091 1511 primis
1123 1427 1312 1489 adamasset:
1345 1428 1476 1487 maxime

129 1538 228 1590 autem
252 1530 449 1591 clarissimum
471 1532 546 1592 illud
569 1533 663 1592 Ennii
685 1538 879 1613 praeconium
902 1534 930 1594 ei
953 1533 1074 1595 videtur
1095 1534 1260 1615 placuisse:

443 1667 523 1701 nemo
542 1668 585 1702 me
603 1652 738 1703 dacrnmis
757 1652 867 1704 decoret
884 1670 935 1705 nec
953 1632 1046 1705 lunera
1064 1656 1127 1704 fletu

478 1739 545 1789 suxit
561 1742 627 1790 cur?
644 1740 729 1791 nolito
747 1741 821 1790 uiuo'
839 1757 887 1805 per
905 1757 952 1792 ora
971 1742 1058 1793 uirum
1078 1742 1136 1807 (Ep.
1155 1741 1187 1791 fr.
1206 1743 1222 1790 2
1240 1740 1287 1805 M.)
1298 1736 1327 1808 ¹).

134 1865 264 1925 namque
287 1844 345 1905 boc
376 1846 562 1926 epigramma
592 1848 712 1926 saepius
743 1846 831 1907 uobis
869 1846 950 1927 apud
973 1847 1149 1908 Ciceronem
1181 1848 1322 1906 occurrit:
1347 1846 1478 1905 Tusel

134 1952 184 2025 15,
202 1950 241 2010 34
256 1950 492 2009 immortalitatis
515 1950 726 2011 documentum
750 1951 807 2012 boc
831 1972 897 2013 esse
911 1952 1016 2013 Cicero
1033 1951 1203 2025 arbitratur,
1229 1949 1307 2030 quod
1332 1951 1479 2010 ‘inhaeret

131 2058 163 2115 in
193 2054 344 2115 mentibus
370 2055 556 2115 saeculorum
585 2056 737 2136 quoddam
765 2057 923 2136 augurium
950 2057 1129 2129 futurorum,
1163 2055 1254 2133 idque
1282 2055 1312 2112 in
1342 2054 1479 2114 maximis

130 2160 260 2240 ingeniis
283 2160 498 2239 altissimisque
521 2161 629 2221 animis
651 2170 683 2220 et
706 2162 809 2222 existit
832 2163 963 2221 maxime
991 2170 1020 2221 et
1043 2161 1168 2241 adparet
1195 2158 1358 2218 facillime!
1388 2179 1478 2239 quam

131 2264 168 2324 ad
191 2285 255 2325 rem
278 2264 539 2325 demonstrandam
561 2286 630 2325 cum
653 2266 725 2340 alia,
749 2274 813 2326 tum
829 2266 922 2325 Ennii
945 2265 1020 2325 illud
1045 2264 1184 2325 adsciscit
1199 2264 1345 2343 elogium3
1370 2262 1479 2324 deinde

133 2370 266 2431 eiusdem
289 2370 360 2429 libri
384 2373 435 2450 49,
462 2373 523 2431 117
546 2370 601 2430 hos
624 2370 718 2431 Ennii
740 2391 846 2431 versus
870 2372 1022 2450 componit
1046 2369 1196 2429 cumillis
1221 2367 1339 2428 Solonis

443 2487 512 2555 μηδὲ
529 2505 577 2555 μοι
594 2487 727 2551 ἄκλαυτος
744 2489 868 2550 θάνατος
885 2487 972 2557 μόλοι,
985 2488 1050 2541 ἀλλὰ
1070 2487 1172 2554 φίλοισι

495 2575 638 2643 ποιήσαιμι
654 2574 754 2628 θανὼν
771 2576 852 2642 ἄλγεα
870 2575 915 2628 καὶ
933 2574 1074 2643 στοναχάς,

126 2705 208 2767 quos
232 2686 297 2767 ipse
320 2687 362 2745 sic
384 2684 476 2744 vertit
498 2684 530 2742 in
552 2683 686 2762 linguam
710 2674 880 2743 Latinam:¹

448 2819 519 2855 mora
537 2819 651 2855 meane
669 2809 758 2855 careat
777 2804 909 2855 lacrimis:
927 2803 1080 2869 linquamus
1099 2805 1192 2853 amicis

421 2909 425 2916 ¹
498 2906 651 2954 maerorem,
671 2895 701 2941 ut
719 2890 855 2942 eelebrent
873 2892 968 2942 funera
987 2906 1047 2941 cnm
1066 2891 1174 2957 gemitu.

133 3011 225 3083 atque
246 3000 400 3060 meliorem
424 2997 498 3058 dicit
521 3017 586 3058 esse
609 2997 702 3056 Ennii
725 3018 815 3078 quam
840 2998 959 3058 Solonis
982 2998 1161 3078 orationem,
1186 2994 1266 3077 quod
1297 3014 1377 3054 mors
1403 3002 1483 3051 certe

132 3107 255 3167 nonsit
276 3104 420 3185 lugenda,
444 3102 497 3164 ssd
518 3104 618 3183 potius
634 3102 811 3183 exoptanda.
842 3103 872 3162 in
890 3100 1079 3182 eandemque
1100 3102 1281 3161 sententiam
1296 3098 1333 3158 de
1356 3117 1418 3157 sen.
1431 3100 1482 3169 20,

134 3213 175 3271 73
208 3210 353 3271 Catonem
385 3208 502 3269 inducit
531 3208 720 3288 loquentem:
763 3206 898 3267 ‘Solonis
922 3206 1042 3288 quidem
1078 3206 1223 3287 sapientis
1259 3212 1304 3264 est
1341 3202 1481 3281 elogium,

134 3336 194 3395 quo
218 3334 252 3374 se
274 3323 365 3393 negat
380 3312 461 3380 velle
484 3333 570 3371 suam
592 3320 717 3372 mortem
746 3310 855 3371 dolore
879 3312 1040 3372 amicorum
1065 3320 1095 3371 et
1116 3310 1255 3370 lamentis
1278 3327 1397 3367 vacare.
1420 3307 1485 3365 volt

136 3419 237 3495 credo,
262 3439 365 3478 carum
387 3438 452 3478 esse
475 3418 547 3477 suis.
576 3416 628 3477 sed
653 3415 733 3477 haud
765 3418 827 3477 scio
852 3437 889 3475 an
917 3416 1024 3476 melius
1047 3417 1177 3475 Ennius:
1201 3421 1298 3474 ‘nemo
1323 3459 1329 3472 .
1355 3457 1362 3471 .
1385 3408 1481 3470 faxit!

134 3534 226 3606 atque
249 3515 325 3583 baec
347 3524 441 3582 Ennii
463 3522 566 3594 verba,
598 3521 707 3601 quibus
730 3524 944 3602 sempiternam
982 3521 1029 3581 sui
1062 3521 1237 3579 memoriam
1267 3519 1352 3599 quasi
1384 3516 1484 3576 animo

133 3629 344 3710 praesagiente
366 3626 528 3707 praedixit,
561 3627 669 3685 mirum
693 3634 838 3706 quantum
862 3625 1065 3685 inclaruerunt
1088 3624 1168 3704 apud
1192 3625 1354 3684 Romanos.
1382 3640 1481 3701 neque

134 3737 212 3795 enim
237 3731 360 3793 dubium
391 3741 445 3805 est,
479 3730 551 3811 quin
588 3730 669 3789 hunc
700 3732 793 3790 Ennii
827 3730 926 3791 locum
959 3739 1028 3790 ante
1060 3730 1162 3790 oeulos
1193 3729 1355 3789 habuerint
1386 3726 1479 3804 Verg.

135 3838 247 3918 Georg.
271 3838 323 3898 IlI
347 3839 365 3896 8
389 3857 445 3917 sq,
468 3839 504 3895 'et
527 3833 617 3895 ovid.
641 3836 712 3895 Met.
736 3835 798 3895 XV
821 3837 882 3895 871
913 3856 978 3915 sqq.
1007 3855 1043 3893 ac
1065 3835 1190 3895 fortasse
1218 3835 1306 3894 etiam
1331 3830 1483 3891 Ciceronis

134 3944 227 4003 verba
249 3942 313 4020 illa,
344 3960 421 4021 quae
443 3960 534 4019 supra
557 3940 865 4012 commemoravimus,
895 3938 968 3998 Hor.
998 3938 1032 3998 O.
1065 3938 1173 4010 1120,
1199 3938 1236 3996 21
1267 3956 1346 4015 sqq.;
1362 3936 1411 3993 ci.
1434 3934 1484 3993 ΙΙΙ

137 4051 188 4108 30.
234 4055 390 4127 praeterea
426 4043 485 4103 duo
523 4042 608 4103 libris
640 4045 700 4103 auis
731 4044 859 4102 inseruit
895 4040 1001 4101 Cicero
1033 4042 1126 4101 Ennii
1157 4042 1382 4121 epigrammata,
1421 4040 1484 4118 qui·

134 4153 190 4214 bus
206 4151 245 4211 de
255 4151 396 4230 Scipione
405 4148 549 4209 Africano
565 4150 679 4227 agitur:
697 4149 788 4207 Tusc.
801 4148 828 4206 V
843 4151 891 4221 17,
905 4150 945 4209 49
964 4143 1014 4231 (fr.
1026 4150 1046 4207 4
1057 4144 1111 4230 Μ.)
1128 4155 1158 4207 et
1177 4145 1215 4205 de
1229 4147 1308 4224 legg.
1324 4144 1358 4204 Π
1374 4145 1424 4215 22,
1442 4144 1483 4202 57

136 4254 186 4340 (fr.
205 4260 223 4317 3
240 4257 309 4333 Μ.);
333 4254 466 4336 denique
489 4255 527 4314 de
543 4254 605 4313 div.
619 4253 653 4312 II
670 4256 720 4327 54,
741 4257 798 4313 111
816 4253 949 4311 Ennium
967 4252 1038 4311 dicit
1053 4253 1186 4311 earmina
1201 4251 1251 4310 vel
1267 4250 1484 4330 epigrammata

135 4362 290 4442 scripsisse
311 4360 401 4440 paulo
424 4358 639 4438 artificiosiora,
667 4377 745 4437 quae
768 4356 906 4417 dicuntur
930 4355 1157 4441 ἀκροστιχίδες.
1192 4362 1261 4415 ‘non
1286 4374 1351 4414 esse
1375 4354 1481 4414 autem’

144 4508 352 4522 ——1

243 4583 264 4654 ¹)
284 4585 317 4637 0.
335 4585 408 4637 Jahn
429 4585 522 4638 Herm.
541 4584 638 4635 11242
658 4583 707 4633 boa
728 4598 823 4634 vorsus
843 4582 878 4632 ad
896 4579 1007 4632 Saturus
1026 4578 1136 4630 rettulit.
