3300 5059
265 1416 267 1420 Ι
583 1241 797 1398 onruu
839 1269 1142 1374 uunurun.
1205 1267 1209 1272 ·

189 1471 234 1553 In
270 1472 519 1582 producendis
562 1483 599 1557 et
635 1473 882 1584 corripiendis
913 1438 1108 1558 vocalibus
1151 1478 1240 1555 ente
1275 1477 1421 1553 mutem
1453 1492 1548 1550 cum

260 1593 427 1706 ,liquide
459 1595 590 1708 positis
606 1622 716 1725 ‘'ques
748 1596 914 1681 rationes
946 1605 1096 1680 secutus
1128 1593 1179 1678 sit
1209 1590 1453 1677 Theocritus?
1517 1581 1520 1584 ’

276 1811 376 1870 Mutae
406 1811 449 1869 ite
479 1831 546 1870 cum
571 1810 688 1890 liquida
711 1812 897 1884 coniunctae,
921 1820 954 1868 ιιι
984 1809 1060 1868 haec
1085 1809 1169 1867 illam
1186 1809 1328 1886 excipiat,
1346 1825 1423 1885 quae
1447 1805 1488 1863 sit
1512 1805 1546 1861 in

189 1937 223 1977 re
245 1919 369 1977 metrica
393 1919 423 1976 in
447 1918 621 1976 universum
638 1918 725 1992 ratio,
749 1917 888 1996 pluribus
912 1926 945 1975 ut
961 1936 1123 1996 exponam,
1148 1934 1223 1994 opus
1247 1931 1395 1972 essenon
1412 1909 1545 1968 videtur.

190 2023 261 2080 satis
285 2023 366 2080 enim
390 2029 512 2082 constat
522 2022 640 2109 vocales
663 2023 779 2096 breves,
804 2043 882 2102 quae
901 2022 956 2081 has
977 2040 1123 2081 consonas
1139 2017 1330 2090 antecedunt,
1353 2037 1414 2074 non
1438 2013 1546 2074 eodem
1571 2039 1574 2043 ·

190 2125 280 2186 medo
303 2125 430 2206 produci
453 2147 489 2186 ae
512 2129 537 2186 si
561 2127 638 2186 duee
660 2128 803 2206 pluresve
831 2136 934 2186 mutae
956 2126 1008 2185 vel
1036 2125 1113 2184 duae
1136 2123 1271 2203 liquidae
1299 2122 1367 2180 illes
1390 2120 1547 2199 excipiant

99 2249 104 2256 ·
190 2231 240 2290 vel
263 2219 381 2310 liquida
412 2220 591 2311 insequente
623 2241 715 2296 muta.
754 2251 844 2312 quam
878 2211 1007 2292 ob⁸rem
1030 2227 1168 2310 syllabae
1202 2228 1273 2287 illae
1302 2214 1371 2286 iur'e'
1395 2225 1544 2304 ancipites

193 2344 349 2396 vocantur.
389 2357 448 2415 qua
479 2336 599 2396 ratione
629 2346 730 2396 autem
763 2338 825 2412 fiat,
862 2347 896 2397 ut
933 2337 1046 2396 vocalis
1077 2335 1187 2410 brevis,
1221 2354 1298 2412 quae
1330 2339 1441 2389 mutam
1475 2350 1543 2388 cum

102 2447 104 2450 ’
195 2440 316 2520 liquida
339 2440 500 2516 antecedit,
525 2442 613 2502 medo
629 2441 814 2522 producatur
836 2441 925 2502 modo
942 2441 1043 2501 brevis
1066 2449 1195 2514 maneat,
1220 2437 1361 2518 quodque
1385 2435 1542 2494 discrimen

193 2545 360 2604 intercedat
383 2547 461 2605 inter
483 2555 688 2617 mutamcum
711 2548 827 2627 liquida
851 2556 881 2606 et
895 2547 979 2630 alias
1003 2566 1198 2606 consonarum
1227 2545 1381 2602 iuncturas
1404 2539 1442 2615 ab
1465 2539 1541 2597 Har-

146 2702 148 2706 .
192 2630 266 2709 telio
290 2649 528 2712 luculentissime
551 2653 736 2732 explicatum
762 2662 807 2712 est
816 2653 849 2728 1).
880 2730 883 2735 ⁴

279 2753 338 2814 Sed
366 2777 425 2814 nen
455 2757 573 2816 easdem
607 2758 745 2818 omnibus
777 2758 963 2839 temporibus
993 2757 1023 2815 in
1057 2755 1258 2836 producendis
1290 2750 1444 2813 vocalibus
1472 2758 1540 2810 ente

195 2868 308 2919 mutam
333 2881 357 2920 c.
384 2861 404 2920 l.
432 2863 538 2941 positis
553 2873 664 2942 poetae
685 2864 885 2923 observarunt
907 2863 1001 2942 leges.
1021 2862 1101 2941 apud
1118 2863 1282 2920 Homerum
1306 2859 1428 2939 quidem
1451 2857 1536 2914 alios·

195 2985 254 3045 que
278 2966 355 3044 epici
373 2967 513 3026 carminis
530 2969 690 3047 scriptores
705 2969 814 3027 aetatis
830 2968 993 3048 superioris
1008 2967 1120 3041 Attica,
1144 2965 1234 3046 quam
1256 2967 1369 3039 dicunt,
1393 2962 1536 3040 correptio

194 3070 270 3129 adeo
293 3086 361 3130 rere
390 3073 553 3146 invenitur,
578 3081 621 3147 ut,
646 3073 829 3152 ubicumque
860 3074 925 3132 fieri
948 3073 979 3132 id
1007 3075 1115 3153 potuit,
1147 3092 1262 3132 summa
1289 3091 1355 3129 cum
1383 3089 1453 3139 cura
1475 3087 1534 3125 earn

90 3229 93 3234 .
193 3178 329 3235 vitatam
345 3197 410 3236 esse
427 3176 608 3252 contendere
631 3176 730 3240 liceat.
755 3178 948 3256 restringitur
971 3177 1052 3236 enim
1068 3177 1188 3257 saepius
1211 3197 1247 3234 ea
1268 3174 1400 3236 admissa
1415 3172 1533 3253 spende-

193 3303 276 3339 ornm
305 3302 376 3340 usus
406 3290 530 3360 totaque
557 3293 662 3340 versus
690 3281 801 3341 heroici
831 3283 966 3360 grauitas
995 3282 1086 3353 valde
1109 3282 1310 3355 imminuitur;
1343 3280 1419 3338 haec
1441 3288 1533 3336 autem

193 3369 229 3444 ιιι
253 3395 434 3460 servaretur,
458 3394 567 3465 poetae
591 3385 636 3444 illi
658 3375 820 3464 diligenter
843 3386 1013 3447 elaborasse
1036 3387 1187 3446 videntur.
1211 3370 1241 3445 in
1266 3383 1447 3444 carminibus
1469 3403 1533 3440 vero

193 3511 283 3550 versu
306 3489 426 3550 heroico
450 3491 644 3570 conscriptis.
660 3501 737 3571 qu'ae
753 3492 945 3552 inferioribus
962 3503 1028 3552 orta
1050 3502 1119 3551 sunt
1143 3490 1337 3574 temporibus,
1361 3509 1468 3567 magna
1482 3489 1532 3546 hnc

177 3596 225 3654 ¹in
249 3595 459 3655 reobscrvari
481 3605 582 3675 petest
605 3597 782 3663 immutatio,
808 3599 1012 3679 correptiones
1028 3600 1108 3661 enim
1124 3596 1246 3656 Atticae
1266 3596 1363 3673 magis
1385 3595 1532 3672 magisque

144 3781 145 3784 Ἰ
194 3699 423 3760 increbrescunt
445 3721 485 3759 ac·
504 3695 557 3760 sue
581 3695 645 3760 iure
662 3700 699 3761 G.
716 3703 872 3761 Hermann
897 3703 964 3761 ‘vix
989 3703 1084 3761 ullum
1112 3682 1220 3762 certius
1246 3701 1419 3761 recentioris
1435 3699 1530 3756 aetatis

195 3826 260 3866 csse
284 3804 602 3880 indicium'adfirmat‚
628 3811 732 3885 ‘quam
757 3807 878 3885 quode
902 3807 1005 3866 crebre
1029 3807 1134 3866 harum
1164 3806 1386 3886 correptionum
1413 3825 1466 3863 usu
1487 3802 1530 3860 de·
1629 3820 1631 3823 ·

192 3902 416 3990 promatur’lt¹
440 3931 538 3990 neque
569 3919 668 3970 tamen
708 3911 788 3988 hune
818 3912 1053 3990 frequentiorem
1084 3912 1281 3991 correptionis
1312 3913 1431 3969 Atticae
1454 3929 1528 3967 usum
1568 3920 1570 3923 '
1629 3948 1631 3959 ι

130 4095 132 4100 Ι
193 4021 259 4075 cum
275 3996 450 4074 Hermanno
467 4015 673 4097 barbarismi)
699 4015 839 4097 equidem
863 4015 1024 4096 adpellem.
1049 4039 1118 4097 nam
1141 4027 1352 4099 praeterquam
1375 4014 1456 4094 quod
1470 4015 1528 4093 ipsa

194 4121 318 4199 linguae
341 4130 450 4180 natura
471 4121 655 4200 procedente
677 4131 812 4201 tempere
836 4144 895 4181 non
915 4123 1024 4182 eadem
1048 4124 1168 4192 mansit,
1192 4119 1528 4202 reputes'quaesoinde
1619 4160 1623 4187 ,ι

188 4341 189 4345 ’
281 4347 299 4410 1)
320 4345 359 4395 cr.
379 4347 396 4396 1.
416 4362 437 4397 α.
457 4345 470 4396 1
488 4330 570 4411 psus
585 4364 633 4414 sq„
652 4350 701 4405 ss„
837 4406 838 4409 Ἴ

279 4433 300 4498 ²)
323 4435 360 4482 De
380 4439 466 4483 aetate
487 4435 573 4498 script.
593 4434 691 4500 Argon.
710 4452 734 4500 p.
755 4438 813 4498 755.Ι

232 4510 554 4606 'ummpm.
739 4513 812 4519 ”
