3300 5059
167 210 227 267 184

163 401 310 459 rationem
332 398 459 459 aliarum
481 418 582 459 rerum
607 396 713 468 serius,
743 396 828 454 ocius
853 394 980 455 aliarum
1003 393 1142 474 patefieri
1169 387 1230 477 (ci.¹
1244 390 1339 451 schol.
1365 390 1520 476 dpoirucd

164 504 281 587 χρόνος
302 503 405 567 πολλὰ
431 504 492 587 μὲν
519 500 629 581 αὔξων
654 502 730 584 παρ’
752 495 850 583 ἦμαρ,
867 499 984 585 πολλὰ
1007 498 1043 561 δὲ
1071 498 1116 574 εἰς
1143 497 1181 561 τὸ
1208 496 1345 580 ἔμπαλιν
1367 496 1518 582 τρέπων),

165 608 215 669 ad
235 630 329 669 unum
361 630 463 670 omnes
494 610 690 690 scripserunt:
722 605 821 668 τὰδὲ
848 607 923 688 παρ’
946 600 1033 688 ἦμαρ
1057 600 1155 679 αὖθις
1177 598 1285 680 αὔξων
1307 605 1392 666 ἅνω.
1426 602 1522 687 verba

166 712 236 777 ἐπεὶ
257 713 318 797 μὲν
339 712 444 798 ἕτερον,Ι
467 734 545 794 quae
561 715 680 793 integra
703 718 851 771 essenon
874 711 917 769 ita
940 708 1124 771 confidenter
1146 708 1332 783 contendam,
1357 708 1446 769 aliter
1469 709 1522 768 alii

169 828 333 893 mutarunt,
366 818 504 879 omnibus
531 827 632 878 antem
660 825 800 898 apertum
821 822 887 875 erat
909 816 1028 899 requiri·
1044 814 1247 895 participium,
1276 812 1358 874 unde
1380 812 1521 877 Meincke

169 921 270 1007 ἐφεὶς,
300 923 444 1003 Hartung
466 923 628 1007 στρέφων,
650 920 814 981 Wecklein
838 918 960 1001 ἐπέχων
983 921 1123 980 restituit.
1158 918 1316 980 Gleditsch
1341 928 1370 980 et
1393 928 1520 992 menum

169 1037 201 1088 et
225 1030 320 1089 verba
343 1026 381 1087 ad
405 1027 563 1088 arbitrium
585 1048 669 1087 suum
693 1027 795 1086 finxit:

338 1147 343 1155 ·
410 1132 600 1217 atropatus
623 1132 685 1215 γὰρ
707 1132 825 1214 χρόνος
845 1130 849 1210 Ι
870 1128 1008 1213 ἐρείπων
1031 1129 1090 1212 μὲν
1114 1128 1208 1213 ἕτερα

397 1246 457 1297 ant.
480 1238 514 1299 τί
538 1236 690 1319 panacea
711 1236 821 1315 τέλος,·
841 1232 846 1317 Ι
866 1234 1000 1297 δέδοικ’·
1025 1233 1149 1317 οὐγὰρ
1172 1232 1265 1297 ἅλιον

203 1406 205 1409 ⁴
636 1353 1056 1423 cmnnossqenncwa

167 1444 222 1505 sed
261 1444 542 1526 quomodocumque
579 1443 617 1505 de
650 1444 811 1505 verborum
846 1442 915 1507 ἐπεὶ
951 1442 1011 1525 μὲν
1050 1442 1142 1527 ἕτερον
1178 1443 1428 1523 interpretatione
1457 1445 1522 1504 sive

168 1550 335 1611 mutatione
357 1550 462 1625 sentis,
490 1546 585 1610 verba
606 1541 693 1611 ⁸crido
726 1549 842 1631 πήματ’
867 1544 965 1623 αὖθις
987 1544 1096 1625 αὔξων
1116 1550 1185 1611 ἄνω
1209 1568 1227 1607 a
1251 1547 1408 1627 Sophoclis
1432 1568 1523 1608 manu

169 1656 307 1737 proiecta
330 1675 395 1715 esse
418 1655 492 1714 mihi
515 1663 629 1715 certum
651 1662 707 1714 est.

193 1893 195 1898 ’
249 1865 316 1937 Iam
325 1885 398 1926 vero
408 1874 571 1945 antequam
582 1864 620 1925 ad
632 1865 772 1928 ultimum
781 1855 918 1944 opusculi
927 1866 987 1925 moi
997 1872 1088 1946 caput
1097 1873 1259 1939 transeam,
1272 1885 1332 1925 non
1343 1864 1396 1925 abs
1407 1884 1440 1925 re
1449 1864 1525 1940 mihi

170 1969 294 2032 ridetur
315 1971 475 2053 paululum
497 1970 660 2032 subsistere
676 1971 842 2051 paucisque
857 1971 1039 2052 patefacere,
1063 1990 1153 2050 quam
1169 1978 1288 2030 secutus
1304 1970 1361 2029 sim
1376 1970 1524 2031 rationem

175 2078 207 2136 in
224 2077 412 2158 paenultima
426 2078 458 2136 in
474 2076 616 2140 trochaeo
626 2075 676 2135 vel
692 2074 827 2156 spondeo
837 2074 1039 2137 desinentium
1048 2095 1190 2135 versuum
1198 2075 1320 2155 syllaba
1329 2075 1523 2151 dimetienda,

176 2201 256 2261 quae
279 2202 327 2243 res
346 2181 463 2243 'talibus
486 2182 625 2242 intricata
646 2181 714 2241 visa
740 2188 786 2240 est
813 2161 1041 2241 difficultatibus
1064 2178 1099 2240 Ο.
1120 2180 1319 2257 Bernhardio,
1347 2182 1464 2242 utnon
1487 2183 1526 2242 sit

123 2308 125 2312 ·
168 2276 263 2354 ,ausus
286 2285 325 2347 de
347 2286 404 2347 hac
426 2306 460 2347 re
482 2287 690 2366 quaestionem
711 2285 872 2346 instituere
897 2282 930 2368 (l.
943 2305 968 2344 c.
979 2306 1008 2366 p.
1022 2281 1065 2369 3).
1089 2298 1189 2346 vanae
1212 2286 1293 2347 enim
1316 2306 1382 2347 esse
1405 2307 1523 2368 operae,

173 2390 283 2471 quibus
313 2391 347 2450 in
368 2389 506 2451 versibus
533 2390 603 2450 talis
631 2410 773 2451 mensura
803 2390 903 2450 locum
933 2389 1045 2452 habeat
1073 2392 1236 2470 inquirere,
1266 2392 1443 2472 priusquam
1475 2413 1525 2453 ex·

174 2494 326 2575 ploratum
358 2495 406 2570 sit,
440 2494 544 2576 quales
575 2494 659 2575 leges
691 2493 844 2576 aequandi
874 2503 1008 2555 tactuum
1040 2496 1169 2558 ambitus
1196 2497 1316 2557 veteres
1338 2497 1446 2558 musici
1468 2498 1527 2559 sibi

175 2600 395 2662 constituerint.
427 2599 481 2661 sed
513 2621 695 2683 quamquam
725 2600 802 2663 hacc
834 2601 969 2681 quaestio
1002 2600 1180 2663 difficillima
1213 2612 1268 2677 est,
1304 2604 1416 2684 quippe
1449 2624 1526 2685 quae

175 2704 236 2780 via,
265 2725 326 2785 qua
350 2725 455 2767 verum
477 2705 603 2787 adsequi
626 2707 734 2787 possis,
762 2726 822 2766 non
846 2707 920 2767 satis
942 2715 1080 2767 veterum
1102 2709 1280 2789 scriptorum
1302 2708 1463 2785 inlustrata
1484 2710 1525 2769 sit

173 2808 348 2886 luminibus,
380 2821 483 2873 tamen
513 2833 574 2872 non
602 2786 646 2872 ita
674 2819 720 2872 est
742 2813 911 2887 obscurata,
943 2820 977 2873 ut
1000 2813 1075 2887 ‘iam'
1091 2813 1122 2872 in
1145 2813 1271 2875 introitu
1292 2812 1349 2874 tibi
1373 2814 1464 2895 plane
1487 2816 1526 2880 sit

177 2912 408 2997 desperandum.
1344 2912 1346 2915 ’

265 3023 342 3083 Tria
364 3023 552 3104 potissimum
576 3032 655 3099 sunt,
680 3042 758 3102 quae
780 3024 812 3082 in
827 3024 965 3103 plurimis
982 3022 1173 3104 stropharum
1187 3018 1324 3084 versibus
1341 3026 1533 3087 occurrentia
1646 3056 1647 3089 r

174 3128 225 3188 vel
249 3130 459 3191 concurrentia
479 3129 686 3210 paenultimae
708 3129 740 3189 in
762 3129 920 3189 trisemam'
938 3128 1151 3209 producendae
1166 3129 1305 3209 syllabas
1319 3128 1431 3189 indicio
1447 3140 1526 3194 sunt.
1598 3181 1600 3185 .
1646 3132 1647 3175 t

174 3254 213 3293 ac
234 3242 299 3293 tum
322 3233 442 3294 demum
466 3233 557 3294 dubia
579 3233 683 3293 evadit
704 3252 762 3307 res,
786 3234 812 3315 si
835 3234 944 3308 omnia,
967 3232 1101 3313 id'quod
1124 3235 1277 3294 nonnullis
1300 3234 1373 3294 locis
1393 3232 1459 3295 fieri
1473 3258 1523 3298 ne·
1646 3228 1647 3245 ¹

121 3413 124 3418 ⁴
172 3337 305 3419 gendum
318 3359 379 3399 non
396 3346 450 3413 est,
465 3338 556 3419 plane
573 3336 724 3398 deficiunt.
741 3340 772 3397 in
787 3338 962 3398 universum
978 3348 1077 3400 autem
1093 3336 1124 3399 in
1139 3340 1326 3420 paenultima
1336 3333 1523 3419 designanda

174 3451 323 3503 certorum
355 3428 605 3522 uniuscuiusque,
623 3441 764 3523 strophae
787 3442 994 3524 exemplorum
1015 3446 1145 3524 vestigia
1168 3446 1253 3525 sequi
1276 3445 1457 3527 tutissimum
1482 3458 1526 3509 est
1595 3456 1600 3461 '

176 3547 236 3623 vel,
267 3546 347 3626 quod
370 3546 451 3608 idem
474 3557 528 3622 est,
559 3548 764 3627 analogiam
791 3548 1033 3629 rhythmicam
1062 3552 1221 3632 respicere,
1251 3570 1328 3630 quae
1351 3553 1527 3633 saepissime

172 3652 290 3728 suadet,
322 3660 357 3714 ut
387 3651 537 3734 tripediae
568 3653 620 3714 vel
650 3653 855 3735 pentapodiae
884 3655 1070 3716 acatalectae.
1096 3657 1177 3716 inter
1203 3656 1526 3738 medias'tetrapodias

171 3758 226 3829 ‚vel
248 3756 436 3840 hexapodias
457 3758 589 3820 insertas
612 3758 789 3840 adplenum
804 3759 1043 3841 tetrapodiarum
1059 3762 1109 3821 vel
1125 3760 1364 3841 hexapodiarum
1381 3761 1525 3825 ambitum

173 3864 376 3947 porrigantur,
392 3864 435 3925 ita
450 3862 573 3944 quidem
588 3874 623 3925 ut
638 3875 668 3925 et
682 3866 872 3946 paenultima
889 3874 919 3927 et
933 3846 1041 3927 ultima
1052 3865 1172 3947 syllaba
1180 3867 1320 3927 trisemae
1330 3868 1404 3928 arsis
1414 3867 1526 3929 habeat

173 3958 291 4052 pondus
302 3966 336 4055 ¹).
369 3972 417 4032 cui
451 3972 561 4031 rationi
592 3973 653 4031 iam
683 3992 740 4053 per
770 3992 804 4032 se
831 3971 882 4032 hic
907 3971 972 4032 illic
995 3972 1066 4033 satis
1090 3971 1317 4033 commendatae
1348 3971 1527 4055 dipodica

207 4148 209 4152 ¹
268 4161 288 4227 ¹)
307 4162 348 4213 Ne
366 4176 384 4211 a
401 4165 509 4212 rosnae
527 4161 636 4227 quidem
654 4162 765 4229 linguae
782 4162 904 4214 versibus
923 4162 1106 4233 paenultimae
1118 4163 1323 4228 productionem
1336 4162 1453 4215 alienam
1466 4182 1526 4217 esse

88 4250 91 4254 ’
175 4248 300 4299 edocebit
317 4253 344 4299 te
358 4248 464 4299 Britcke
484 4249 548 4312 ,Dis
565 4249 682 4315 physiol.
696 4248 806 4301 Grundl.
821 4249 845 4300 d.
859 4249 921 4301 nhd.
932 4249 1104 4313 Verslruast’,
1122 4267 1147 4317 p.
1163 4252 1195 4301 39
1210 4266 1257 4317 sq,
1276 4251 1324 4301 ubi
1342 4252 1526 4316 paenultimae

173 4338 202 4388 in
218 4337 356 4387 triremem
376 4336 574 4403 longitudinem
592 4335 739 4401 productae
756 4337 824 4388 haec
843 4336 1001 4388 adferuntur
1018 4337 1155 4403 exempla:
1175 4338 1250 4401 ‚Was
1270 4335 1327 4389 htir'
1339 4338 1381 4388 ich
1395 4339 1526 4391 draussen

173 4438 221 4473 vor
240 4422 300 4473 dem
312 4423 394 4485 Ther,
410 4423 415 4489 Ι
430 4422 498 4475 Was
515 4423 565 4473 auf
581 4422 628 4473 der
639 4422 747 4473 Brttcks
765 4423 927 4474 schallen?’
947 4429 973 4475 et
993 4424 1055 4490 ,Mit
1068 4424 1128 4476 dem
1141 4424 1212 4477 Pfeil
1224 4424 1281 4477 und
1293 4426 1395 4493 Bogsn
1411 4424 1416 4493 Ι
1434 4428 1525 4479 Durch

176 4507 277 4574 Gebirg
293 4510 349 4559 und
367 4508 448 4559 Thal'
467 4508 511 4575 (cf.
531 4526 556 4576 p.
574 4510 606 4559 41
626 4511 684 4576 sq).
704 4510 774 4562 idem
794 4511 873 4563 docet
885 4510 1025 4577 Westphal
1043 4511 1159 4564 Theorie
1179 4513 1203 4563 d.
1223 4512 1285 4563 nhd.
1300 4510 1423 4579 Metrilr²,
1442 4531 1467 4580 p.
1482 4518 1525 4567 35.
