3300 5059
188 224 228 287 92

185 448 227 502 re,
253 427 333 507 quod
364 429 395 486 in
414 420 500 488 ‘sede
523 448 628 487 versus
651 426 763 488 heroici
787 430 895 508 quinta
918 426 1034 509 dactyli
1057 448 1128 489 usus
1151 427 1298 488 latissime
1321 437 1415 509 patet,
1445 439 1566 510 atque

184 532 479 595 memorandum-est
501 531 558 593 hac
579 534 611 595 in
635 552 727 595 causa
758 534 789 593 in
813 531 937 613 edylliis
969 534 1088 613 generis
1120 535 1209 613 epici,
1233 535 1266 593 in
1290 533 1399 617 quibus
1428 557 1567 597 versus

185 639 341 719 spondiaci
363 639 584 725 frequentiores
608 647 685 713 sunt,
704 639 909 719 correptiones
923 640 955 698 in
971 638 1050 719 pede
1067 640 1183 722 quinto,
1207 639 1239 702 id
1265 639 1345 721 quod
1369 661 1408 701 ex
1430 640 1562 701 tabula

184 744 342 826 proposita
365 744 474 819 elucet,
498 765 553 825 pro
576 753 643 806 rata
665 753 752 825 parte·
773 746 870 804 rarius
893 746 1030 825 reperiri.

264 850 310 909 'In
342 852 516 911 universum
550 858 650 910 autem
673 851 699 911 si
723 838 956 934 correptionum,
979 871 1054 931 quas
1078 860 1251 926 tractamus,
1283 852 1482 931 frequentiae
1516 853 1554 913 in

131 940 133 945 ⁵
184 955 277 1015 variis
309 955 475 1015 carminum
508 954 756 1043 Theocritcorum
789 955 952 1036 generibus
988 960 1134 1017 ratlanem
1173 956 1318 1031 ducimus,
1365 958 1554 1018 rarissimas

183 1059 252 1120 illas
274 1060 306 1119 in
330 1059 453 1141 cdylliis
475 1059 576 1123 bucol.
601 1080 667 1121 esse
690 1060 796 1121 eadem
818 1061 924 1123 tabula
946 1060 1098 1123 docemur.
1122 1071 1217 1142 atque⁴
1236 1063 1294 1122 hoc
1322 1082 1445 1142 quoque
1472 1082 1555 1121 curn.

184 1163 385 1245 spondeorum
416 1168 597 1247 frequentia,
631 1190 710 1249 quae
741 1171 773 1230 in
804 1190 847 1233 cc.
871 1170 969 1233 bucol.
994 1176 1041 1232 est
1064 1163 1250 1251 maxima¹)‚'
1276 1168 1424 1247 congruit.
1449 1187 1546 1247 prae-

184 1272 272 1350 cipue
298 1272 330 1333 in
362 1292 404 1332 cc.
436 1272 673 1353 1.,111.-v11.
720 1274 924 1355 correptiones
954 1273 1026 1337 illae
1056 1264 1143 1336 rarae
1165 1282 1243 1348 eunt,
1274 1274 1366 1354 paulo
1393 1273 1547 1353 frequen·

183 1377 274 1437 tiores
297 1378 330 1437 in
353 1376 474 1459 edylliis
497 1378 697 1459 VEL-XI,
721 1380 838 1441 nullum
862 1388 962 1441 autem
985 1400 1105 1441 carmen
1127 1369 1171 1442 eis
1193 1398 1315 1460 prorsus
1338 1386 1430 1439 caret.

213 1498 215 1503 ·
271 1481 432 1542 Variarum
455 1503 526 1544 vero
545 1484 729 1566 liquidarum
753 1486 832 1565 quae
855 1486 948 1548 sitin
972 1484 1210 1565 correptionibus
1226 1484 1334 1547 adlatis
1348 1484 1540 1566 frequentia,

180 1588 285 1667 paucis
302 1584 423 1666 quidem
439 1588 498 1649 iam
512 1589 648 1653 indicavi
672 1597 712 1671 (p.
730 1587 858 1675 89sq.);
882 1591 1051 1654 accuratius
1074 1599 1175 1653 autem
1197 1590 1229 1653 id
1253 1589 1392 1671 cognosci
1419 1589 1540 1671 poterit

181 1710 219 1751 ex
249 1690 314 1751 hoe
339 1691 396 1753 hoc
426 1691 538 1769 indice,
571 1690 604 1755 in
628 1714 687 1777 quo
711 1716 808 1778 aeque
832 1717 867 1757 ac
890 1717 983 1778 supra
1006 1697 1156 1778 exempla,
1180 1716 1258 1776 quae
1280 1696 1339 1755 huc
1366 1695 1534 1775 pertinent,

96 1870 99 1875 .
179 1796 394 1885 persingulas
419 1820 614 1861 consonarum
638 1802 792 1863 iuncturas
815 1802 965 1883 digeram:

974 2004 977 2010 ¹
1020 1967 1022 1971 ³
1107 1950 1135 1998 in
1154 1948 1277 1999 omnibus
1446 1999 1450 2003 .

225 2010 400 2137 cffigfflff
462 2036 489 2082 in
509 2050 547 2085 cc.
566 2034 627 2085 buc.
667 2035 694 2083 in
714 2050 752 2086 cc.
772 2036 842 2085 mim.
904 2034 933 2086 in
952 2054 990 2087 cc.
1010 2031 1070 2103 ep.⁴
1107 2038 1218 2087 Theocr.
1237 2052 1275 2087 cc.
1327 2038 1355 2085 in
1374 2052 1411 2087 cc.
1431 2036 1496 2087 dub.
