3300 5059
205 235 245 292 62

199 422 283 502 nulia
305 424 353 495 sit,
378 423 461 480 velut
476 423 492 480 I
510 425 549 482 53
575 424 691 506 σχοίνῳ
719 421 949 504 ἐφαρμόσδων·
977 421 1104 501 μέλεται
1136 417 1176 482 δέ
1200 419 1232 481 oi
1260 421 1335 481 οὔτε
1356 441 1387 481 τι
1401 415 1518 500 πήρας
1528 415 1570 503 ¹).

201 527 339 584 similiter
367 546 427 585 vox
455 526 673 605 monosyllaba,
708 545 768 603 qua
795 526 898 583 finitur
920 544 975 604 pes
1000 533 1134 603 quartus,
1168 525 1223 582 etsi
1246 545 1307 582 non
1330 535 1375 583 est
1399 525 1567 597 enclitica,

203 640 303 689 tamen
328 649 395 689 cum
418 630 601 709 praegressis
626 637 689 687 arte
713 632 875 687 coniuncta
898 638 943 688 est
964 627 1012 686 his
1035 629 1065 686 in
1089 627 1240 686 versibus:
1263 625 1297 710 a)
1322 629 1370 686 IX
1388 629 1405 686 5
1424 626 1504 709 ἐμίν
1526 628 1570 690 δὲ

197 735 236 797 τὺ
258 735 482 816 βονκολιοίζεν,
506 730 536 815 6)
558 733 638 792 XIV
655 735 695 792 64
720 733 821 795 αἰτεῖν
844 732 880 795 δὲ
903 733 956 795 δεῖ
976 732 1037 794 οὐκ
1059 731 1112 794 ἐπὶ
1133 733 1241 808 ταντί,
1259 735 1299 792 70
1321 740 1429 794 ποιεῖν
1441 752 1476 794 τι
1497 733 1568 807 δεῖ,

200 837 239 914 ἅς
253 840 335 920 γόνυ
350 825 486 920 χλοερόν,
500 837 563 897 XV
580 838 619 895 25
635 837 689 898 καί
705 836 812 898 ίδοῖοα
834 836 874 898 τὺ
896 845 939 920 τῷ
951 835 994 918 μὴ
1011 836 1129 910 ίδόντι,
1145 834 1174 918 o)
1198 836 1310 896 XXVI
1328 837 1368 896 15
1390 839 1563 918 μαίνοντο

199 943 227 1005 δ’
244 946 294 1026 ἄρ’
318 942 402 1005 εὐθὺ
428 941 482 1003 καί
509 943 614 1016 ἄλλαι,
638 940 671 1023 d)
695 941 811 998 XXIII
836 944 854 1001 3
877 941 932 1003 καὶ
959 939 1036 1003 οὐδὲ
1064 939 1100 1003 ἓν
1124 939 1246 1024 ἅμερον
1269 936 1341 1021 εἶχε.

286 1047 393 1106 Altera
416 1066 485 1125 pars
502 1065 652 1120 versuum,
675 1046 706 1102 in
731 1046 839 1124 quibus
862 1045 949 1125 pchs
965 1046 1063 1123 quarti
1078 1047 1222 1104 trochaeo
1238 1045 1420 1104 vocabulum
1436 1047 1561 1117 finitur,

200 1155 243 1212 ita
265 1159 438 1230 comparata
461 1159 515 1224 est,
546 1157 578 1207 ut
601 1151 683 1229 prior
706 1149 827 1228 syllaba
850 1150 952 1209 brevis
975 1149 1061 1229 pedis
1085 1151 1184 1229 quarti
1209 1151 1318 1208 vocula
1341 1150 1562 1230 monosyllaba

199 1278 217 1315 a
239 1254 434 1334 sequentibus
457 1275 516 1314 non
540 1253 884 1335 dirimendaefficiatur,
907 1254 991 1313 velut
1014 1255 1156 1314 articulo:
1179 1251 1213 1336 a)
1234 1254 1316 1315 VIII
1332 1258 1372 1315 86
1394 1254 1492 1316 derasi
1517 1255 1562 1316 τδι

198 1359 353 1443 δίδαιιτροί
375 1381 426 1422 τοι
448 1354 535 1440 αίγα,
557 1357 631 1419 ibid.
656 1359 710 1432 87;
741 1355 772 1427 5)
796 1363 827 1416 Π
850 1360 907 1433 64,
930 1363 986 1417 XV
1010 1361 1060 1431 31,
1085 1362 1136 1431 66,
1162 1360 1214 1435 68,
1239 1361 1295 1433 69,
1320 1355 1350 1441 c)
1374 1363 1474 1419 XXVI
1500 1361 1560 1434 38,

198 1475 250 1524 aut
272 1465 380 1523 vocula
402 1465 470 1526 aet:
502 1464 535 1522 II
567 1465 624 1522 101
650 1464 750 1541 καλεῖ,
781 1463 836 1524 καὶ
858 1462 984 1544 ὑφαγέο
1006 1463 1095 1546 τᾷδε,
1122 1467 1221 1522 XXVI
1245 1465 1294 1523 35.
1325 1484 1559 1542 nonnumquam

200 1569 391 1628 cohaerentia
426 1569 480 1626 illa
509 1567 706 1626 antecedente
735 1568 981 1646 interpunctione
1003 1569 1035 1626 in
1065 1588 1189 1627 caesura
1220 1569 1469 1647 semiseptenaria
1502 1567 1556 1626 ad-

198 1676 332 1732 iuvatur:
357 1670 388 1755 b)
412 1677 483 1732 XIV
504 1675 521 1732 2
545 1672 689 1754 χρόνιος,
711 1672 744 1732 τί
764 1671 801 1734 δέ
822 1692 874 1734 τοι
895 1671 933 1734 τὸ
955 1672 1093 1753 μέλημα,
1118 1675 1154 1732 21
1180 1671 1359 1755 ιταρέοντος
1381 1670 1467 1752 ἐμεῦ.
1491 1672 1555 1732 τίν’

199 1777 282 1861 ἔχειν
316 1799 355 1859 με
389 1778 496 1851 δοκεῖς
517 1785 616 1855 νοῦν,
638 1775 751 1835 XVIII
776 1779 814 1835 38
839 1777 933 1859 κόρα,
955 1776 994 1838 τὺ
1016 1775 1076 1857 μὲν
1099 1777 1215 1850 οἰκέτις
1237 1776 1312 1857 ἤδη,
1337 1774 1366 1859 c)
1390 1775 1487 1835 XVII
1512 1779 1555 1835 63

196 1885 316 1963 μελῶν·
341 1881 359 1944 ὁ
382 1881 418 1944 δὲ
441 1880 537 1964 πατρί
560 1878 684 1957 ἐοικώς,
711 1881 770 1938 118
793 1881 898 1961 μένει·
921 1880 960 1942 τὰ
983 1879 1019 1941 δὲ
1040 1882 1141 1963 μυρία
1162 1889 1252 1961 τῆνα.
1277 1882 1382 1940 similis
1405 1890 1451 1939 est
1473 1880 1552 1938 ratio

198 2007 303 2046 versus
326 1987 389 2046 XV
415 1987 474 2044 117
499 1984 580 2045 ὅσσα
606 1986 631 2045 τ’
649 1983 713 2046 ἀπὸ
740 1986 885 2065 γίυαεοῶ
912 1985 1039 2064 μέλιτος
1060 1986 1100 2045 τά
1126 1988 1152 2046 τ
1174 1983 1210 2046 ἐν
1240 1984 1329 2069 ὑγρῷ
1361 1983 1467 2068 ἐλαίῳ,
1499 1983 1552 2043 ubi

198 2100 266 2170 post
289 2089 468 2148 vocabulum
491 2089 628 2169 μέλιτος,
662 2108 845 2167 quamquam
872 2109 933 2147 non
956 2090 1189 2168 interpungitur,
1219 2091 1374 2148 tamenin
1397 2087 1552 2148 recitando

201 2216 261 2254 vox
290 2194 478 2272 aliquantum
511 2193 670 2251 retinenda
698 2203 753 2252 est.
785 2194 889 2271 itaque
917 2200 1060 2272 quattuor
1087 2203 1204 2252 tantum
1228 2203 1342 2254 restant
1365 2212 1469 2252 versus
1492 2191 1551 2250 huc

199 2300 397 2379 pertinentes:
422 2294 455 2379 o)
472 2296 552 2356 VIII
575 2301 614 2357 10
637 2299 756 2360 οὔποτε
777 2305 920 2371 νιααοεῖς
941 2299 984 2379 μ’,
1008 2296 1077 2359 οὐδ’
1101 2300 1133 2359 εί
1151 2319 1182 2360 τι
1204 2299 1326 2373 πάθοις
1346 2298 1415 2379 τύγ’
1432 2296 1551 2358 ἀείδων

201 2403 300 2486 (codd.
324 2425 343 2482 p
367 2411 397 2463 et
421 2401 442 2460 k
470 2401 499 2464 εί
520 2401 658 2475 παθέοις
676 2403 831 2460 exhibent.
854 2403 895 2461 M.
919 2401 1054 2461 Schmidt
1076 2404 1108 2460 in
1132 2404 1207 2462 Mus.
1231 2403 1329 2464 Rhen.
1354 2403 1414 2462 rol.
1438 2401 1549 2460 XXVI

202 2509 262 2568 177
279 2499 467 2566 scribendum
484 2525 549 2566 esse
561 2506 689 2564 coniecit
705 2508 823 2567 οὔποτε
843 2514 987 2578 νικασεῖς
1000 2508 1044 2586 μ’,
1054 2505 1095 2567 οὐ
1112 2505 1190 2587 δῆτ’,
1206 2506 1297 2568 ἀθεεὶ
1319 2507 1358 2568 τύ
1374 2508 1402 2587 γ’
1419 2505 1547 2582 ἀείδων,

201 2611 280 2691 quod
314 2612 413 2670 minus
445 2609 604 2689 probabile
636 2629 701 2668 esse
724 2606 869 2691 videtur),
895 2609 928 2667 X
953 2612 992 2669 27
1021 2609 1145 2692 ίσχνάν,
1173 2609 1398 2688 ἁλιόιιαοστον,
1426 2609 1487 2691 ἐγὼ
1512 2609 1547 2671 δὲ

200 2717 301 2797 μόνος
331 2713 541 2797 μελίγλωρον,
570 2710 602 2795 5)
635 2713 732 2772 XVII
766 2714 804 2772 15
837 2713 904 2787 τιείς
935 2712 1006 2787 ἔτος
1036 2710 1069 2788 ἐξ
1095 2713 1183 2788 ἔτεος
1210 2715 1358 2776 Μενέλαε
1384 2714 1440 2776 aab
1472 2713 1548 2787 νυὸς

201 2818 271 2895 ἅδε,
295 2816 324 2901 o)
348 2817 460 2878 XXIV
485 2820 544 2877 102
573 2818 738 2899 Τειρεσίας
760 2819 907 2880 πολλοῖσι
929 2819 1032 2900 βαρύς
1062 2837 1123 2900 περ
1157 2816 1220 2879 ἐὼν
1247 2817 1417 2892 ἐνιαυτοῖς.
1450 2818 1546 2876 bisin

201 2924 382 2983 hexametris
406 2921 543 2981 omnibus
568 2923 728 2981 observare
751 2922 823 2980 licet
840 2942 1005 2996 caesuram,
1030 2922 1067 2981 dc
1083 2943 1144 2999 qua
1160 2942 1256 2980 sermo
1279 2933 1333 2996 est,
1358 2942 1433 2982 voce
1449 2924 1544 3000 excipi

201 3026 363 3106 bisyllaba‚
380 3028 422 3085 ita
439 3026 569 3104 quidem,
587 3037 620 3085 ut
637 3027 782 3085 efficiatur
799 3047 922 3085 caesura
934 3035 1003 3106 post
1015 3027 1105 3084 arsim
1121 3028 1256 3104 quintam
1269 3022 1543 3109 (seminovenaria)‚

202 3152 291 3211 quam
314 3151 386 3202 rem,
411 3150 478 3188 cum
502 3131 677 3189 festinemus
700 3131 731 3188 in
754 3131 918 3190 recitandis
933 3131 1023 3189 huius
1039 3129 1120 3188 modi
1137 3130 1274 3190 versibus
1289 3151 1308 3189 a
1323 3151 1448 3191 caesura
1461 3131 1543 3209 pedis
1627 3126 1628 3129 ¹

201 3237 281 3295 tertii
306 3234 344 3294 ad
368 3253 521 3292 caesuram
546 3234 633 3292 illam
656 3235 930 3295 seminavenariam
952 3255 1052 3313 neque
1067 3235 1131 3293 ficri
1147 3224 1299 3314 patiamur
1315 3256 1467 3295 caesuram
1480 3246 1544 3314 post

202 3341 299 3418 quarti
323 3338 409 3417 pedis
432 3338 615 3412 trochaeum,
642 3341 833 3399 excusationi
858 3359 923 3399 esse
938 3339 1086 3412 versibus,
1110 3341 1141 3397 in
1166 3340 1275 3418 quibus
1291 3341 1439 3400 vocabuli<
1452 3342 1543 3399 exitus

204 3463 271 3501 cum
296 3451 403 3520 quarto
426 3442 567 3502 trochaeo
592 3445 743 3524 convenit,
774 3447 833 3502 iam
859 3443 896 3502 G.
920 3444 1077 3502 Hermann
1101 3435 1293 3528 intellexit2).
1323 3454 1453 3503 ceterum
1475 3447 1542 3523 quin
1627 3512 1628 3515 Ἰ

201 3547 294 3606 verba
314 3547 345 3607 εἴ
363 3565 395 3606 τι
417 3547 548 3625 πάθοις,
565 3545 627 3629 ἐγὼ
650 3547 686 3609 δὲ
707 3549 817 3628 μόνος,
840 3548 943 3629 βαρύς
957 3568 1018 3630 περ
1035 3546 1099 3609 ἐών
1115 3549 1180 3627 ipsa
1195 3557 1257 3607 tam
1275 3558 1338 3609 arte
1358 3550 1541 3627 cohaereant,
1627 3602 1628 3605 ,

289 3785 310 3854 1)
330 3785 425 3836 Cetera
437 3788 557 3853 exempla
570 3794 643 3838 sunt:
657 3789 683 3852 a)
703 3789 771 3851 156,
786 3790 850 3854 161,
869 3789 909 3837 III
923 3791 963 3849 16,
977 3791 1024 3853 36,
1042 3788 1080 3839 IV
1093 3792 1118 3855 2,
1137 3792 1179 3852 30,
1190 3793 1232 3849 64,
1252 3793 1296 3854 60,
1316 3791 1340 3840 V
1353 3792 1395 3853 89,
1415 3794 1471 3856 105,
1489 3795 1541 3854 123,

204 3875 263 3936 136,
282 3877 345 3938 148,
362 3874 400 3924 VI
420 3877 462 3938 28,
481 3877 529 3937 36,
548 3875 600 3924 VII
618 3879 659 3939 20,
681 3876 723 3936 38,
742 3877 783 3937 60,
802 3877 845 3937 66,
864 3877 929 3939 100,
947 3877 986 3924 IX
1000 3878 1040 3939 16,
1059 3879 1102 3940 20,
1121 3879 1166 3940 32,
1186 3876 1212 3924 Χ
1230 3878 1278 3942 63,
1294 3878 1333 3925 ΧΙ
1352 3881 1376 3940 3,
1395 3880 1436 3940 11,
1455 3881 1492 3941 33,
1503 3882 1541 3941 40,

205 3964 248 4026 66,
267 3963 313 4024 69,
332 3961 355 4024 b)
377 3962 463 4024 1134,
483 3963 524 4022 72,
543 3963 585 4025 98,
605 3965 663 4024 103,
683 3965 741 4026 138,
760 3963 818 4024 146,
839 3965 901 4026 167,
919 3962 983 4012 XIV
996 3965 1037 4028 16,
1056 3966 1098 4028 22,
1116 3966 1158 4024 27,
1176 3965 1218 4024 60,
1237 3966 1283 4026 66,
1302 3964 1351 4013 XV
1364 3967 1428 4026 148,
1447 3968 1468 4028 c)
1484 3967 1541 4015 XIII

205 4051 251 4113 ει,
263 4049 327 4096 xvr
341 4050 403 4111 roe;
422 4048 500 4101 xvir
513 4050 554 4110 ee,
575 4050 615 4112 ιε,
629 4051 670 4112 or,
683 4051 725 4112 aa,
744 4050 807 4112 13⁷3
826 4049 902 4097 xxrr
917 4053 959 4110 aa,
978 4053 1019 4113 se,
1039 4053 1098 4111 132,
1117 4054 1175 4113 rsa,
1189 4053 1248 4113 rea,
1267 4053 1325 4110 rie,
1339 4054 1398 4114 aro,
1416 4055 1539 4117 ειεεεο,

203 4136 291 4186 xxiv
311 4138 334 4196 1,
354 4138 401 4199 383
420 4135 495 4183 xxv
507 4139 549 4197 ar,
563 4139 604 4197 ra,
624 4139 666 4199 co,
679 4138 720 4197 cr,
740 4139 782 4198 er,
803 4138 861 4197 115,
880 4138 1011 4198 marri,
1026 4139 1083 4200 ινα,
1099 4140 1157 4201 rso,
1176 4140 1234 4200 193,
1254 4139 1313 4202 ree,
1332 4141 1538 4201 acaciana

203 4224 256 4272 XII
276 4225 322 4286 23,
342 4223 369 4286 d)
391 4223 438 4270 XX
459 4225 482 4283 1,
502 4225 528 4283 9,
549 4222 640 4271 XXIII
658 4225 705 4287 46,
724 4223 827 4273 XXVII
847 4227 889 4285 43,
908 4227 949 4274 69.

294 4306 313 4373 ²)
332 4309 374 4357 De
393 4311 480 4356 aetate
499 4308 586 4371 script.
599 4307 697 4371 Argon.
717 4299 741 4372 p.
756 4311 813 4368 693,
833 4310 879 4359 ubi
897 4309 968 4359 hunc
986 4312 1014 4358 in
1027 4311 1133 4360 modum
1153 4316 1263 4361 excusat
1280 4328 1386 4360 versum
1404 4312 1478 4361 Hom.
1496 4313 1537 4361 Ζ2

203 4391 287 4445 πολλὰ
314 4392 338 4443 δ’
365 4393 408 4460 ἄρ’
443 4390 514 4443 ἔνθα
536 4391 582 4442 καὶ
617 4391 676 4444 ἔνθ’
704 4392 784 4444 idere
814 4394 886 4462 μάχη
915 4396 1032 4460 πεδίοιο,
1064 4398 1097 4446 cf.
1129 4400 1208 4447 etIam
1239 4399 1394 4447 Hoffmanni
1418 4401 1535 4459 ‘Quaestt

204 4481 319 4532 Homer‘.
343 4498 368 4546 p.
393 4484 434 4532 26.
