3300 5059
2839 214 2963 272 115

441 404 538 463 Ea
583 404 769 484 igitur
826 425 903 464 ex
962 403 1207 485 edylliis
1253 403 1583 478 Theocriti,
1642 425 1797 484 quae
1850 403 2109 465 bucolici
2154 413 2293 464 sunt
2347 406 2608 484 generis,
2664 406 2966 466 rarissime

262 510 533 591 syllabas
578 510 749 570 hiatu
782 519 1084 589 correptas
1119 509 1436 585 exhibent;
1486 518 1704 590 poetae
1750 518 1952 569 autem
1984 508 2351 589 edylliorum
2399 509 2650 588 originis
2692 510 2962 571 incertae

262 635 382 674 non
429 614 622 674 solum
668 615 900 674 nullum
930 613 1160 673 hiatum
1205 615 1292 674 ita
1339 623 1753 694 comparatum
1786 614 2176 688 admiserunt,
2224 616 2290 675 in
2338 634 2455 693 quo
2501 612 2743 693 syllaba
2772 614 2958 695 longa

267 729 540 781 maneret
569 721 826 799 integra,
863 719 971 779 sed
1002 721 1184 778 etiam
1213 718 1409 793 huius,
1445 720 1549 799 qui
1580 721 1891 799 legitimus
1925 718 2163 793 dicitur,
2207 718 2409 778 hiatus
2439 740 2614 778 usum
2638 720 2961 782 artioribus

266 826 861 905 circumscripserunt
918 824 1222 887 cancellis.
1277 825 1492 905 longas
1547 828 1693 886 v'ero
1731 826 1993 886 'vocales
2053 846 2187 886 cum
2245 823 2636 905 diphthongis
2692 846 2756 908 ᾳ,
2799 848 2865 909 ῃ,
2911 847 2962 911 9⁰

267 931 316 990 si
375 941 738 1011 spectamus,
800 926 989 991 multo
1056 930 1298 1011 saepius
1354 932 1416 989 in
1474 930 1721 1010 edylliis
1778 931 1972 992 bucol.
2033 939 2093 990 et
2144 931 2308 990 mim.
2360 933 2539 1010 qu'am
2592 931 2658 989 in
2714 949 2810 1010 ep.
2863 937 2967 991 ea's

268 1038 489 1116 corripi
537 1056 571 1097 e
615 1036 858 1096 tabellis
903 1038 1228 1117 propositis
1276 1045 1461 1116 patet.
2944 1040 2953 1047 ’

441 1141 507 1201 Si
561 1142 624 1200 in
683 1141 835 1201 sede·
878 1142 1170 1217 hiatuum,
1229 1141 1445 1221 quibus
1500 1140 1774 1221 syllabae
1830 1141 2251 1220 corripiuntur,
2301 1139 2491 1199 oratio
2549 1137 2960 1220 distinguitur,

264 1267 385 1306 uno
445 1247 890 1327 loco'excepto
947 1267 1182 1326 semper
1238 1246 1389 1305 illud
1443 1248 1511 1305 fit
1556 1256 1662 1305 aut
1705 1248 1766 1304 in
1803 1248 2093 1308 vcaesuris
2149 1245 2427 1305 bucolica
2465 1249 2533 1304 'et
2576 1244 2740 1305 tertii
2785 1244 2958 1324 pedis

267 1351 576 1410 trochaica
641 1358 772 1411 aut'
809 1352 870 1410 in
933 1351 1090 1430 pede
1152 1352 1346 1430 primo
1400 1348 1533 1432 (vel
1595 1359 1733 1429 post
1787 1351 2051 1430 priorem
2105 1350 2207 1409 vel
2259 1359 2398 1430 post
2462 1350 2712 1409 alteram
2778 1349 2965 1409 thesis

269 1450 555 1538 partem).
622 1457 1070 1535 interpungitur
1125 1458 1286 1515 enim
1343 1457 1406 1513 in
1460 1456 1741 1534 genuinis
1795 1455 2107 1515 Theocriti
2167 1454 2530 1515 carminibus
2585 1456 2651 1515 in
2705 1454 2968 1514 hiatibus

268 1560 449 1619 huius
483 1562 723 1638 generis
765 1562 828 1619 in
869 1562 1213 1619 universum
1259 1561 1530 1619 centiens
1560 1559 1907 1633 undeciens,
1955 1562 2017 1619 in
2063 1580 2311 1620 caesura
2351 1559 2548 1620 bucol.
2581 1561 2969 1639 septuagiens

266 1664 381 1724 bis.
432 1687 466 1725 c
496 1665 748 1745 reliquis
778 1665 947 1740 locis,
993 1667 1097 1744 qui
1138 1674 1275 1724 sunt
1307 1670 1554 1725 numero
1585 1666 1897 1737 XXXIX,
1933 1664 2223 1724 exhibent
2262 1665 2392 1723 XX
2422 1665 2966 1744 interpunctionem

266 1773 329 1829 in
381 1791 632 1831 caesura
677 1770 850 1850 pedis
896 1771 1058 1829 tertii
1105 1770 1425 1842 trochaica,
1474 1770 1532 1829 V
1561 1778 1700 1848 post
1744 1770 2021 1849 priorem,
2070 1769 2234 1827 XIII
2271 1778 2411 1853 post
2455 1767 2704 1830 alteram
2738 1772 2968 1850 primae

265 1877 454 1936 thesis
509 1884 762 1955 partem.
820 1876 883 1934 in
937 1896 1057 1934 uno
1113 1895 1293 1934 versu
1353 1871 1502 1957 (XV
1553 1870 1616 1957 1)
1674 1872 1975 1953 syllabam
2030 1874 2092 1935 in
2148 1875 2268 1933 fine
2322 1874 2496 1955 pedis
2556 1877 2752 1955 quinti
2797 1876 2967 1935 hiatu

272 1991 604 2061 correptam
653 1983 928 2061 sequitur
972 1982 1406 2061 interpuncti03
1458 1979 1565 2039 sed
1610 1979 1774 2039 hunc
1817 1979 2016 2039 locum
2060 1981 2423 2060 repetitione
2468 1980 2752 2041 vocabuli
2786 1980 2969 2044 ἔνδοι

272 2090 547 2147 excusari
614 2088 735 2146 iam
800 2108 860 2167 p.
926 2088 1004 2146 61
1056 2085 1449 2147 ostendimus,
1514 2087 1578 2145 in
1624 2085 1873 2164 edylliis
1920 2086 2169 2164 originis
2217 2083 2438 2146 dubiae
2484 2085 2738 2147 noviens
2785 2088 2967 2147 inter-

269 2192 575 2271 pungitur,
635 2192 899 2273 septiens
954 2201 1092 2271 post
1144 2192 1362 2272 pedem
1422 2199 1718 2271 quartum,
1778 2190 1869 2250 bis
1926 2185 2148 2275 (epigr.
2207 2190 2364 2251 VIII
2425 2193 2505 2265 3,
2539 2192 2662 2253 XV
2713 2188 2777 2276 1)
2836 2201 2971 2273 post

271 2297 527 2357 alteram
570 2297 821 2356 brevem
867 2298 1045 2376 primi
1091 2296 1266 2375 pedis
1311 2294 1632 2375 syllabam.

448 2401 626 2476 Quod
677 2423 818 2461 vero
865 2402 941 2460 ad
989 2403 1386 2481 frequentiam
1429 2401 1723 2474 hiatuum,
1774 2400 1849 2459 de
1885 2399 2102 2479 quibus
2148 2408 2238 2459 est
2284 2401 2579 2479 quaestio,
2626 2400 2689 2460 in
2721 2401 2973 2481 singulis

241 2507 531 2588 pedibus
563 2506 815 2581 adtinet,
864 2507 926 2565 in
960 2507 1094 2566 aliis
1126 2527 1333 2567 versus
1366 2507 1611 2567 sedibus
1643 2504 1823 2565 aliam
1858 2525 1987 2564 esse
2017 2503 2258 2563 tabellis
2304 2506 2628 2585 propositis
2663 2503 2971 2585 docemur.

270 2615 532 2692 primum
588 2613 831 2693 quidem
887 2612 1088 2672 locum
1142 2613 1256 2671 hac
1301 2612 1365 2671 in
1412 2633 1477 2671 re
1525 2611 1757 2671 obtinet
1814 2610 2003 2669 altera
2046 2630 2187 2689 pars
2246 2609 2433 2671 thesis
2479 2618 2751 2689 quartae,
2797 2632 2969 2692 prae-

272 2720 482 2778 sertim
527 2721 580 2778 si
631 2725 834 2779 eorum
882 2719 1296 2797 exemplorum
1341 2717 1632 2777 habemus
1679 2717 1993 2789 rationem,
2051 2715 2114 2773 in
2161 2714 2382 2794 quibus
2428 2715 2709 2794 leguntur
2752 2716 2971 2797 longae

271 2823 517 2882 vocales
566 2832 625 2883 et
671 2824 1034 2903 diphthongi
1079 2846 1143 2907 ᾳ,
1195 2846 1259 2907 ῃ,
1316 2844 1386 2907 ῳ.
1435 2843 1574 2882 nam
1620 2824 1684 2880 in
1745 2821 1924 2880 huius
1987 2820 2151 2879 modi
2216 2820 2511 2900 exemplis
2565 2841 2599 2880 e
2641 2819 2973 2881 ‘CLXVIII

272 2928 420 2987 locis
468 2926 558 3011 (in
606 2949 689 2989 cc.
738 2935 898 3008 gen.)
947 2928 1236 2991 exhibent
1279 2930 1458 2988 LXV
1504 2927 1606 2987 vel
1654 2927 1800 2988 38·7
1826 2925 1903 3008 ΟΛ,
1952 2925 2181 2985 hiatum
2240 2926 2301 2984 in
2357 2926 2477 2985 fine
2520 2925 2693 3004 pedis
2740 2928 2969 3005 quarti3

274 3043 485 3093 contra
532 3033 965 3114 exemplorum.
1004 3032 1202 3108 DXC,
1281 3036 1344 3093 in
1392 3034 1610 3113 quibus
1656 3033 1938 3109 leguntur
2001 3030 2260 3089 leviores
2321 3028 2700 3109 diphthongi,
2734 3075 2740 3081 .
2772 3028 2968 3089 CLIX

272 3138 452 3199 modo
497 3140 599 3199 vel
648 3142 792 3199 26·9
810 3135 887 3223 ΟΛ,
937 3141 1000 3198 in
1046 3140 1154 3198 illa
1198 3159 1406 3198 versus
1462 3137 1606 3197 sede
1681 3137 1911 3195 hiatum
1974 3134 2285 3214 praebent.
2360 3134 2726 3194 monendum
2772 3144 2972 3196 autem

275 3253 367 3304 est
408 3246 597 3303 'etiam
644 3244 804 3325 apud
853 3245 1020 3319 alios,
1071 3246 1174 3323 qui
1219 3244 1572 3304 hexametro
1620 3242 1964 3320 utebantur,
2016 3248 2229 3320 poetas
2286 3239 2625 3301 maximam.
2666 3240 2728 3299 id
2782 3260 2974 3320 genus

276 3349 553 3409 hiatuum
597 3358 830 3429 partem
876 3350 1129 3431 reperiri
1172 3351 1234 3407 in
1283 3350 1474 3409 altera
1520 3347 1692 3407 brevi
1738 3345 1979 3426 syllaba
2023 3344 2198 3425 pedis
2244 3346 2443 3425 quarti
2466 3345 2535 3422 ¹).

449 3453 552 3513 Ad
614 3453 772 3513 hanc
826 3475 1036 3515 versus
1099 3454 1304 3514 sedem
1358 3455 1422 3513 in
1480 3453 1796 3513 Theocriti
1863 3449 2105 3531 edylliis
2160 3451 2435 3529 proxime
2490 3450 2723 3510 accedit
2784 3452 2975 3511 altera

275 3580 418 3639 pars
466 3560 656 3618 thesis
703 3561 946 3635 tertiae3
994 3560 1110 3619 hoc
1141 3568 1342 3618 tamen
1390 3558 1517 3618 sola
1557 3555 1948 3616 multitudine
1983 3556 2413 3634 exemplorum,
2459 3556 2522 3614 in
2570 3555 2788 3635 quibus
2819 3558 2977 3616 inest

276 3664 690 3745 diphthongus
736 3687 821 3738 αι,
871 3664 1142 3724 efficitur.
1197 3663 1488 3723 exhibent
1535 3665 1693 3722 enim
1742 3681 1775 3720 e
1820 3661 1969 3720 locIs
2002 3658 2342 3719 CXXVIII
2373 3660 2491 3719 huc
2535 3660 2976 3740 pertinentibus

277 3771 485 3831 CXVI
542 3769 711 3829 illam
767 3768 1237 3849 diphthongum3
1293 3777 1476 3848 atque
1532 3769 1598 3826 in
1654 3766 1749 3825 his
1806 3764 2099 3843 exemplis
2160 3763 2435 3824 omnibus
2488 3766 2713 3844 legitur
2756 3766 2976 3826 vocula

274 3878 407 3956 καί,
454 3896 609 3955 quae
653 3882 898 3955 propter
938 3874 1395 3933 antecedentem
1443 3892 1751 3933 caesuram
1806 3871 2152 3950 primariam
2210 3871 2272 3928 in
2321 3889 2392 3930 ea
2448 3869 2593 3930 sede
2638 3870 2974 3929 hexametri

278 3991 370 4043 est
422 3979 928 4060 frequentissima.
1006 4000 1038 4040 e
1110 3979 1361 4058 reliquis
1416 3980 1544 4038 XII
1601 3978 1895 4055 exemplis
1954 3974 2244 4035 exhibent
2300 3976 2358 4035 V
2423 3974 2859 4056 diphthongum
2921 3994 2976 4035 ει

458 4242 495 4310 ¹)
567 4244 630 4291 In
689 4240 960 4307 Apollonii
1035 4240 1410 4307 Argonauticis
1487 4240 1626 4290 inter
1702 4238 2041 4289 MDCXLIII
2120 4238 2233 4289 eius
2300 4236 2444 4287 modi
2533 4234 2710 4285 hiatus
2799 4238 2979 4284 extant

281 4329 700 4382 ccccxxvm
736 4331 792 4379 in
830 4328 1016 4381 eadem
1050 4346 1236 4380 versus
1274 4329 1441 4392 sede,
1464 4328 1528 4378 cf.
1565 4327 1765 4387 Baach.
1804 4327 1839 4377 l.
1888 4344 1931 4378 c.
1970 4342 2034 4376 ac
2079 4325 2320 4376 similiter
2365 4338 2474 4373 rem
2510 4337 2568 4373 se
2602 4321 2801 4372 habere
2837 4321 2979 4388 apud

280 4419 578 4470 Hesiodum
615 4419 788 4470 elucet
835 4434 900 4469 ex
945 4419 1039 4484 eis,
1093 4434 1232 4484 quae
1286 4413 1529 4483 exposuit
1571 4415 1713 4465 idem
1749 4430 1925 4480 progr.
1961 4415 2371 4478 Micropragens.
2409 4425 2458 4460 a.
2498 4412 2633 4461 1875
2669 4426 2720 4475 p.
2761 4413 2824 4461 11
2862 4425 2979 4476 sqq.

283 4508 657 4572 (Hesiodische
691 4507 1210 4571 Untersuchungen).
2740 4582 2773 4621 *

2697 4587 2730 4637 8
