3300 5059
168 235 230 294 208

252 425 302 483 Ai.
407 425 466 483 181
551 432 709 505 μαχαναῖς
731 419 857 485 ἐτίσατο
880 422 1003 504 λώ-βαν

252 529 303 590 El.
386 529 469 590 1058
489 547 535 606 εη.
549 529 584 590 τί
603 529 681 603 τοὺς
702 523 848 591 ἄνω-θεν
870 527 1141 611 φρονιμωτάτους
1163 524 1235 588 οίω-
1278 612 1281 616 .

549 632 630 707 νοὺς
651 618 849 718 ἐσορώμενοι
871 637 995 715 τροφάς

255 737 292 798 0.
315 738 353 798 Β.
410 741 470 799 197
549 738 695 821 Θρηκιον
714 736 879 800 κλάδον-να

258 840 355 903 Ο.ιο.
388 844 470 903 1076
550 842 665 924 γνώμα
685 842 752 923 τάχ
776 839 959 936 ἐνδώ-σειν

251 946 333 1012 Phil.
384 950 466 1007 1122
547 946 590 1028 μὴ
614 947 755 1028 φιλότητ’
779 945 916 1029 ἀπό-οη.
944 946 1025 1003 1148
1041 950 1147 1025 χῶρος
1168 941 1408 1027 οὐρεσιβώ-τας.

255 1051 520 1133 Unumquemque,
564 1052 617 1132 qui
652 1051 704 1111 'vel
740 1048 837 1110 obiter
874 1050 1105 1131 perlustraverit
1141 1047 1215 1108 haec
1254 1049 1403 1129 exempla,
1443 1057 1517 1130 puto

170 1157 360 1237 cogniturum
390 1177 464 1232 esse,
498 1156 551 1216 nbi
573 1155 660 1216 fortis
683 1162 714 1215 et
735 1153 869 1215 mascula
890 1155 1013 1215 trisemo
1035 1154 1108 1213 arsis
1130 1152 1230 1213 locum
1255 1153 1381 1229 obtinet,
1413 1161 1519 1233 poetas

166 1284 314 1345 persaepe
335 1282 399 1323 rem
421 1263 465 1321 ita
486 1262 662 1335 instituisse,
695 1268 730 1319 ut
755 1258 904 1340 producta
927 1260 1010 1335 arsis,
1045 1258 1361 1340 praeterquamquod
1384 1256 1518 1339 syllabas

165 1368 313 1448 reciperet
334 1366 511 1448 prosodiaca
532 1366 649 1426 ratione
670 1364 907 1445 ponderosiores,
931 1364 962 1423 in
978 1382 1068 1423 voces
1091 1362 1212 1423 caderet
1235 1364 1378 1425 orationis
1393 1370 1519 1423 accentu

167 1474 310 1536 intentas.
333 1473 417 1532 cuius
440 1472 484 1531 rei
509 1491 600 1530 causa
624 1490 662 1529 ex
683 1470 749 1548 ipsa
770 1469 873 1548 poesis
896 1466 999 1527 indole
1015 1477 1123 1548 sponte
1137 1467 1336 1546 intellegitur.
1358 1467 1519 1528 intercedit

169 1579 250 1637 enim
272 1578 351 1637 inter
366 1576 525 1637 verborum
546 1576 609 1635 vim
631 1585 848 1653 externamque
872 1592 975 1633 eorum
999 1572 1130 1652 speciem
1155 1593 1193 1632 ea
1215 1574 1368 1652 cognatio,
1389 1582 1423 1633 ut
1445 1574 1521 1654 opti-

167 1702 233 1742 mns
260 1682 389 1762 quisque
416 1688 507 1761 poeta
529 1680 662 1741 numeris
685 1698 751 1739 curn
773 1678 930 1739 sententiis
953 1678 1121 1739 conciliatis
1144 1686 1247 1758 aptam
1268 1679 1430 1758 unicuique
1452 1678 1519 1738 loco

167 1806 391 1867 congruamque
424 1786 517 1845 animi
549 1784 748 1845 adfectionem
780 1783 954 1845 describerev
973 1792 1003 1843 et
1025 1784 1157 1845 excitare
1180 1783 1309 1848 studeat.
1343 1804 1404 1864 qua
1425 1802 1459 1845 rc
1482 1782 1522 1842 ad

170 1892 273 1967 verba,
302 1911 381 1971 quae
403 1890 622 1970 Aristophanes
650 1888 799 1951 dicentem
822 1890 894 1949 facit
917 1888 1104 1968 Aeschylum
1127 1890 1204 1949 Rau.
1228 1910 1259 1951 τ.
1286 1888 1370 1949 1059
1395 1886 1520 1970 ἀνάγκη

166 1997 316 2079 μεγάλων
330 2003 472 2078 γνωμῶν
486 1995 541 2058 καί
556 1995 713 2059 διανοιῶν
735 1997 790 2057 too
812 1994 867 2056 καλ
888 1992 928 2056 τδι
951 1992 1099 2076 ῥήματα
1118 1994 1248 2073 τίκτειν,
1270 2002 1322 2053 tuo
1343 1995 1408 2053 iore
1423 1994 1521 2073 possis

124 2112 128 2116 '
168 2100 286 2160 adicere
308 2120 433 2180 magnas
458 2102 623 2160 sententias
645 2119 769 2179 magnos
792 2119 914 2180 quoque
934 2118 1041 2179 parere
1057 2119 1241 2172 numeros,
1264 2096 1295 2157 id
1311 2097 1392 2177 quod
1409 2098 1520 2179 apertis

170 2204 259 2265 docet
289 2204 390 2265 verbis
413 2204 592 2265 Aristoteles
624 2205 726 2267 Probl.
750 2204 834 2263 XIX
866 2206 905 2264 15
938 2202 970 2266 οἱ
1000 2202 1060 2285 μὲν
1084 2204 1183 2286 ,νόμοι
1211 2202 1401 2285 ἀγωνιστῶν
1429 2197 1521 2284 ἦσαν,

170 2308 217 2373 ὧν
237 2310 299 2392 η’δη
321 2314 526 2393 μιμεῖσθαι
548 2310 602 2372 καί
625 2309 843 2372 διατείνεσθαι
865 2306 885 2390 ἡ
909 2307 975 2393 ᾠδὴ
998 2306 1121 2389 ἐγίνετο
1141 2307 1249 2391 μακρά
1269 2307 1324 2370 καλ
1338 2308 1521 2391 πολυειδής.

168 2415 318 2499 καθάπερ
343 2410 405 2478 οὖν
426 2415 481 2478 καί
502 2414 542 2478 τά
566 2412 690 2497 ῥήματα
713 2413 767 2475 καί
786 2413 838 2476 ταν
845 2412 937 2495 μέλη
952 2418 990 2495 τῇ
1005 2412 1160 2495 μιμήσει
1175 2411 1351 2493 ἠκολούθει
1366 2413 1415 2475 ἀεὶ
1431 2410 1523 2496 ἕτερα
1642 2454 1643 2497 η

167 2521 332 2602 γινόμενα.
360 2538 500 2579 necnon
522 2518 690 2597 Dionysius
714 2516 825 2577 diserte
846 2525 957 2597 poetas
980 2517 1052 2575 artis
1075 2516 1163 2576 huius
1186 2518 1352 2577 mimeticao
1375 2518 1522 2579 rationem

128 2627 136 2635 “
167 2624 339 2684 habendam
366 2644 431 2683 esse
454 2622 549 2698 docet,
579 2621 650 2682 dnm
678 2622 716 2682 de
740 2643 836 2704 comp.
860 2621 944 2683 verb.
969 2641 993 2683 c.
1019 2623 1062 2681 20
1092 2623 1297 2704 quaestionem
1326 2623 1458 2703 explicat
1484 2621 1522 2681 de

168 2728 275 2789 decoro
307 2729 354 2789 his
380 2727 497 2788 verbis:
525 2728 586 2790 δεῖ
612 2727 680 2791 τὸν
709 2727 862 2811 ἀγαθὸν
891 2726 1055 2810 ποιητήν
1083 2748 1122 2789 τε
1152 2727 1216 2789 καὶ
1245 2726 1388 2811 ῥήτορα
1416 2750 1523 2810 μιμη-

167 2834 275 2896 τικὸν
297 2827 469 2896 εἶναιτῶν
490 2833 700 2915 πραγμάτων,
722 2832 805 2916 ὑπὲρ
829 2830 876 2897 ὦν
899 2831 940 2895 διν
962 2833 1039 2907 τοὺς
1060 2832 1179 2914 λόγους
1201 2829 1331 2917 ἐκφέρῃ,
1353 2831 1397 2914 μη
1418 2833 1524 2913 μόνον

169 2937 263 3001 κατὰ
294 2936 362 3018 την
393 2933 557 3019 ἐκλογὴν
583 2944 659 2999 τῶν
687 2936 889 3019 ὀνομάτων
916 2936 1009 2999 άλλδι
1032 2936 1096 2999 καλ
1118 2935 1212 3000 κατὰ
1233 2935 1302 3018 τὴν
1324 2937 1523 3000 σύνδεσιν.

167 3051 261 3124 atque
300 3042 338 3101 de
376 3042 484 3102 eodem
522 3042 632 3118 studio,
675 3042 757 3122 quod
796 3052 905 3123 poetae
940 3044 972 3101 in
1008 3061 1045 3102 eo
1077 3041 1284 3117 conlocabant,
1317 3050 1350 3103 ut
1383 3060 1524 3103 numeros

168 3147 322 3207 sententiis
351 3147 565 3207 convenientes
594 3146 751 3229 eligerent,
781 3146 916 3227 loquitur
938 3145 1087 3206 Aristides
1111 3145 1325 3221 Quintilianus,
1355 3147 1416 3227 qui,
1443 3154 1524 3226 post-

169 3272 259 3331 quam
288 3253 320 3310 in
350 3251 428 3311 libro
451 3250 589 3311 demus.
620 3252 646 3326 I,
670 3272 701 3332 p.
726 3254 767 3311 50
789 3252 830 3310 M.
855 3250 892 3311 de
919 3253 1022 3311 metris
1051 3249 1244 3325 catalecticis,
1278 3250 1338 3313 ὅσα
1360 3250 1523 3335 συλλαβὴν
1642 3248 1643 3263 ’

168 3353 303 3438 άφαιρεῖ
321 3363 381 3417 τοῦ
399 3356 585 3419 τελευταίου
600 3355 703 3430 ποδὸς
725 3356 958 3437 σεμνότητος
981 3352 1090 3417 ἕνεκεν
1105 3362 1161 3435 τῆς
1175 3355 1376 3439 μακροτέρας
1390 3356 1523 3439 καταλη-

169 3456 247 3533 ξεως
262 3458 349 3533 dixit,
373 3458 410 3518 de
426 3469 545 3520 austera
560 3482 596 3521 ac
612 3461 698 3541 gravi
712 3458 900 3539 syllabarum
914 3459 1086 3539 longiorum
1100 3467 1208 3545 natura
1223 3460 1298 3520 haec
1314 3462 1454 3540 exponit:
1480 3461 1523 3534 11,

169 3583 199 3640 p.
224 3564 265 3623 97
289 3561 318 3624 εί
340 3561 376 3625 δὲ
403 3562 458 3627 διδι
479 3565 644 3647 μηκίστων
670 3562 799 3647 χρόνων
823 3562 963 3646 συμβαίη
990 3564 1143 3646 γίνεσθαι
1164 3564 1241 3639 τοὺς
1263 3564 1378 3642 πόδας,
1404 3566 1525 3627 πλείων

168 3664 188 3746 ἡ
210 3666 402 3743 κατάστασις
424 3666 604 3751 ἐμφαίνων
627 3668 669 3731 ἂν
691 3676 747 3751 τῆς
770 3668 926 3743 διανοίας.
960 3652 1015 3730 διὰ
1036 3678 1134 3732 τοῦτο
1156 3670 1234 3743 τοὺς
1255 3667 1316 3751 μὲν
1337 3671 1466 3753 βραχεῖς
1487 3667 1524 3731 ἐν

168 3779 238 3846 ταῖς
258 3773 430 3856 πυρρίχαις
450 3775 626 3856 χρησίμους
641 3772 914 3856 δρῶμεν..τοὺς
937 3772 977 3835 δέ
998 3775 1211 3855 μηκίστους
1234 3772 1379 3849 ἐντοῖς
1401 3774 1526 3857 ἱεροῖς

168 3875 321 3957 ὕμνοις,
343 3876 403 3960 οἷς
425 3876 592 3959 ἐχρῶντο
613 3876 978 3962 παρεκτεταμένοις,
1002 3879 1061 3961 τήν
1083 3900 1118 3941 τε
1133 3878 1208 3960 περὶ
1230 3887 1331 3941 ταῦτα
1356 3877 1525 3961 διατριβὴν

168 3981 247 4062 μίαν
274 3981 328 4043 καί
357 3982 557 4064 φιλοχωρίαν
583 3968 836 4065 ἐνδεικνύμενοι,
857 3966 926 4063 τήν
951 3981 998 4045 τέ-
1018 3982 1145 4045 αὐτῶν
1167 3982 1351 4046 διάνοιαν
1374 3982 1526 4065 ίσότητι

167 4083 233 4147 καλ
263 4084 375 4167 μήκει
406 4092 482 4146 τῶν
512 4085 663 4168 χρόνων
694 4086 732 4162 ἐς
762 4088 1000 4170 κοσμιότητα
1031 4088 1373 4163 καθιστάντες...
1396 4087 1525 4151 τούτων

168 4188 239 4251 δ’ὁ
270 4186 422 4271 ἐπιβατὸς
452 4190 615 4270 κεκίνηται
646 4193 779 4273 μάλλον,
818 4193 1047 4274 συνταράττον
1074 4192 1134 4274 μὲν
1160 4201 1198 4276 τῇ
1226 4192 1321 4276 διπλῇ
1348 4192 1440 4255 δέσει
1466 4190 1527 4273 τὴν

168 4292 285 4380 φυχην,
307 4290 341 4367 ἐς
362 4292 446 4369 ὕφος
468 4292 505 4356 δὲ
526 4302 570 4379 τῷ
592 4294 724 4377 μεγέθει
745 4304 807 4377 της
824 4299 949 4379 άρσεως
970 4296 1030 4379 την
1053 4297 1203 4360 διάνοιαν
1226 4294 1469 4381 ἐξεγείρων...
1494 4296 1526 4359 ol

169 4395 206 4457 δὲ
228 4398 340 4479 ὄρθιον
361 4398 415 4461 καί
438 4399 595 4482 σημαντολ
618 4399 682 4462 διδ
709 4399 752 4463 τὸ
778 4402 1010 4479 πλεονάζειν
1032 4410 1114 4477 τοῖς
1135 4402 1399 4484 μακροτάτοις
1418 4404 1527 4483 ἤχοις

169 4500 412 4582 προάγουσιν
434 4502 471 4578 ἐς
494 4500 650 4588 άξίωμα.
