3300 5059
170 200 232 259 130

170 399 223 464 cst,
247 400 280 450 ut
303 391 334 449 in
355 390 409 448 illa
425 388 586 470 principali
603 390 647 448 rei
662 388 852 469 rhythmicae
866 389 972 468 reg‘ula
986 398 1173 470 peccaretur,
1198 408 1260 469 qua
1275 410 1522 471 unumquemque

167 514 324 555 numerum
356 514 441 555 suam
471 493 584 553 babere
616 502 727 555 certam
756 501 847 574 atque
874 493 1092 555 immutabilem
1120 504 1259 554 naturam
1286 516 1385 575 neque
1407 516 1463 577 per
1485 516 1521 557 se

168 599 343 661 commutari
367 598 517 659 eumalio
539 617 630 677 posse
652 598 802 658 statuitur.
827 596 908 677 quod
931 598 987 659 etsi
1009 600 1076 679 ipse
1102 598 1259 659 Hermann
1281 597 1403 682 (EDM
1418 622 1449 680 p.
1462 599 1519 683 21)

167 704 331 765 rectissime
362 702 524 777 intellexit,
555 701 651 761 nihilo
685 703 783 761 minus
816 711 918 763 tamen
948 704 981 762 in
1014 705 1117 763 metris
1140 702 1354 763 adumbrandis
1383 706 1522 783 neglexit

166 829 265 890 neque
288 805 393 893 (liceat
414 807 488 867 mihi
509 807 568 867 boc
589 827 682 867 unum
698 828 753 887 pro
769 806 872 868 multis
888 805 1030 889 adferre),
1053 816 1088 867 ut
1101 828 1260 867 numerum
1276 786 1518 889 antispasticum,

169 936 279 975 meram
324 914 408 973 illam
452 913 651 993 posteriorum
697 912 935 992 magistellorum
979 912 1210 973 hariolationem
1251 912 1343 973 nullis
1381 922 1521 974 veterum

167 1020 405 1099 rhythmicorum
433 1020 523 1077 unice
549 1017 606 1078 bac
633 1019 666 1077 in
688 1038 721 1077 re
743 1017 962 1078 audiendorum
984 1019 1164 1099 testimoniis
1191 1018 1310 1092 fultam,
1341 1038 1358 1078 e
1382 1018 1522 1080 doctrina

170 1125 350 1199 eliminaret,
375 1144 393 1183 a
408 1143 441 1183 ae
456 1123 641 1202 impetravit,
666 1142 754 1202 quem
778 1122 888 1202 pedem
908 1122 1012 1183 subtili
1029 1124 1136 1184 ductus
1151 1143 1239 1183 sensu
1254 1143 1310 1204 per
1326 1143 1359 1184 se
1376 1144 1520 1204 asperum

169 1249 235 1289 esse
258 1229 367 1305 docuit,
395 1230 468 1310 quia
491 1249 507 1288 e
531 1227 646 1288 duobus
669 1228 813 1288 brevibus
836 1228 992 1288 ordinibus
1016 1230 1121 1310 eisque
1143 1229 1256 1289 talibus
1279 1237 1441 1303 constaret,
1465 1230 1520 1311 qui

167 1355 228 1394 non
263 1336 468 1415 perpetuitate
505 1334 594 1394 unius
631 1334 748 1393 numeri
781 1321 986 1409 cohaererent,
1021 1333 1075 1394 sed
1109 1335 1266 1414 compositi
1298 1335 1394 1413 magis
1428 1355 1521 1415 quam

168 1440 321 1500 coniuncti
344 1447 443 1501 essent
466 1447 558 1518 atque
580 1437 648 1499 ideo
672 1458 770 1517 paene
792 1437 901 1498 luctari
924 1459 1025 1499 aecum
1048 1439 1225 1500 viderentur
1240 1435 1364 1522 (EDM
1383 1460 1415 1519 p.
1428 1437 1520 1524 227).

254 1542 331 1603 (lum
361 1544 455 1623 igitur
481 1562 529 1603 res
556 1544 600 1602 ita
626 1550 818 1622 comparatae
846 1551 955 1625 essent,
987 1543 1111 1603 minime
1134 1542 1289 1604 miraberis
1311 1544 1520 1623 Augustum

170 1649 359 1729 Apelium,
388 1650 486 1707 virum
513 1669 573 1707 non
600 1658 662 1707 tam
689 1649 916 1726 grammaticam
945 1668 1035 1728 quam
1058 1649 1200 1708 musicam
1224 1657 1319 1707 artem
1341 1650 1521 1727 professum,

169 1754 245 1814 haec
277 1755 309 1815 in
331 1754 520 1834 praefatione
548 1752 618 1812 libri
646 1754 735 1833 primi
759 1746 909 1827 statuisse,
935 1755 987 1833 qui
1010 1755 1046 1814 ab
1071 1772 1107 1812 eo
1130 1752 1168 1812 de
1190 1773 1223 1813 re
1245 1755 1369 1814 metrica
1392 1755 1522 1833 scriptus

172 1868 231 1919 est:
257 1859 339 1933 ,Wi'r
360 1856 461 1918 haben
485 1857 586 1918 auviel
608 1859 746 1918 Beweise
768 1879 829 1918 von
854 1857 922 1918 dem
944 1858 1116 1918 Kunstsinn
1140 1856 1193 1917 des
1215 1856 1403 1917 klassischen
1420 1858 1523 1919 Alter-

170 1963 281 2035 thums,
314 1964 357 2023 als
390 1964 457 2023 dass
488 1964 543 2024 wir
573 1983 629 2023 uns
661 1963 829 2024 iiberreden
856 1962 1002 2037 konnten,
1036 1962 1085 2022 die
1109 1961 1260 2023 Griechen
1288 1964 1392 2022 hitten
1415 1964 1465 2023 ein
1489 1986 1523 2025 so

171 2067 389 2127 wunderlicbes
406 2068 522 2128 Gewirr
545 2088 606 2127 von
621 2067 708 2146 Lang
730 2067 792 2127 und
812 2068 906 2142 Kura,
930 2070 988 2127 wie
1011 2088 1066 2127 uns
1090 2067 1139 2126 die
1156 2067 1322 2127 Gelehrten
1346 2070 1520 2149 vorzeigen,

166 2174 214 2233 fiir
246 2172 377 2231 schbnen
404 2173 576 2251 Rhytbmus
604 2172 793 2251 angesehen.’
827 2172 977 2252 idemque,
1011 2182 1046 2232 ut
1068 2181 1133 2232 erat
1154 2172 1297 2252 prudens,
1332 2184 1520 2253 cognoverat

168 2280 300 2338 omnium
328 2279 518 2337 metricarum
546 2278 766 2357 quaestionum,
802 2287 951 2358 quatenus
980 2277 1017 2337 ad
1041 2279 1167 2357 lyricam
1191 2277 1376 2337 Graecorum
1399 2281 1519 2357 poesim

169 2384 366 2463 pertinerent,
392 2382 544 2442 cardinem
567 2383 598 2441 in
623 2384 804 2456 coversari,
829 2403 937 2443 eamne
960 2383 1093 2462 rhythmi
1108 2384 1325 2462 proprietatem
1342 2383 1521 2445 habuissent

168 2496 296 2562 veteres,
320 2508 409 2565 quem
432 2496 545 2546 tactum
570 2489 663 2547 nostri
685 2496 871 2567 nuncupant,
900 2508 939 2547 ex
962 2508 1023 2567 qua
1045 2489 1156 2567 pedum
1171 2488 1409 2568 rhythmicorum
1425 2490 1520 2549 inter·

171 2592 254 2652 valla
276 2593 391 2651 nullam
413 2592 526 2652 habere
542 2593 573 2651 in
594 2600 737 2651 contextu
752 2592 941 2673 varietatem,
965 2592 1065 2652 sedin
1081 2593 1241 2673 praefinito
1257 2594 1401 2673 temporis
1418 2595 1519 2673 spatio

170 2696 207 2756 ad
234 2697 323 2757 tinem
347 2717 441 2777 usque
465 2696 622 2757 decurrere
645 2717 767 2757 necesse
791 2707 878 2763 esset,
898 2699 1004 2757 merito
1028 2698 1108 2758 enim
1131 2717 1268 2777 quaeras,
1294 2720 1353 2778 quo
1377 2696 1467 2758 modo
1489 2700 1522 2758 in

170 2804 280 2863 cantici
316 2801 478 2861 cuiuslibet
512 2800 625 2881 pedum
663 2800 866 2881 discrepantia
900 2822 948 2861 ars
979 2822 1170 2862 numerorum
1202 2822 1238 2861 ae
1269 2802 1425 2863 modorum
1459 2810 1522 2862 tarn

171 2915 315 2967 accurate
337 2914 511 2967 servataet
532 2915 677 2986 percepta
700 2908 747 2979 sit,
772 2914 806 2965 ut
828 2907 861 2965 in
885 2905 941 2980 his,
965 2906 989 2964 si
1005 2906 1131 2985 paulum
1147 2905 1235 2965 modo
1252 2906 1291 2964 sit
1305 2908 1350 2966 ita
1365 2908 1522 2982 offensum,

169 3021 203 3072 ut
229 3020 282 3072 aut
305 3012 508 3073 contractione
531 3010 653 3072 brevius
676 3011 761 3071 fieret
777 3018 829 3069 aut
843 3010 1043 3090 productione
1059 3009 1186 3089 longius,
1211 3010 1330 3070 theatra
1344 3020 1409 3071 tota
1424 3012 1520 3071 recla-

168 3126 285 3177 marent
309 3115 360 3201 (cf.
378 3114 441 3175 (iic.
465 3116 502 3176 de
526 3138 567 3179 or.
589 3120 635 3173 ΠΙ
652 3116 702 3191 50,
729 3111 816 3199 196).
851 3124 981 3175 attamen
1006 3116 1083 3174 banc
1105 3116 1320 3194 proprietatem
1345 3137 1363 3175 a
1384 3126 1523 3177 veterum

169 3223 296 3282 choricis
319 3221 452 3281 abfuisse
488 3230 547 3280 tam
570 3220 752 3300 pervulgata
775 3219 858 3299 apud
880 3222 961 3279 viros
984 3220 1116 3280 eruditos
1141 3230 1205 3280 erat
1227 3223 1388 3297 sententia,
1412 3231 1446 3282 ut
1469 3224 1522 3283 vel

169 3327 327 3385 Hermann
359 3326 391 3383 in
422 3326 466 3384 rei
501 3327 643 3383 metricae
680 3323 847 3413 enchiridio
877 3325 1038 3384 vernacule
1072 3327 1183 3405 scripto
1212 3322 1326 3411 (1799)
1358 3348 1413 3407 pro
1441 3337 1524 3387 certo

170 3429 341 3489 venditaret
374 3428 559 3489 Graecorum
598 3430 743 3489 musicam
781 3430 863 3488 omni
900 3437 984 3489 tactu
1023 3428 1196 3490 destitutam
1237 3431 1386 3491 melodiae
1425 3433 1524 3492 solum

114 3603 116 3609 Ι
170 3532 311 3613 rhythmo
335 3533 507 3593 adstrictam
531 3534 623 3594 fuisse
649 3530 693 3618 (p.
717 3531 805 3617 XX),
827 3534 912 3593 cuius
931 3534 1084 3594 doctrinae
1100 3545 1309 3614 argumentum
1325 3536 1381 3597 hoc
1398 3536 1526 3597 Pindari

172 3638 340 3713 exemplum
363 3639 396 3697 in
419 3659 506 3697 usum
529 3660 615 3699 suum
639 3641 787 3699 convertit
811 3636 854 3721 (p.
878 3638 1005 3723 XXII):

473 3778 605 3888 {genoe
632 3796 636 3879 Ι
656 3778 714 3889 {a
730 3819 796 3880 φορ
817 3794 821 3879 Ι
841 3779 991 3889 {witi
1010 3796 1015 3882 Ι
1035 3782 1180 3889 {notter
1201 3800 1205 3880 Ι

473 3920 663 4028 {cognate
682 3940 686 4016 Ι
707 3922 733 4027 Ξ
752 3942 875 4002 outone
895 3936 900 4023 Ι
919 3925 1076 4029 {parasti

260 4146 281 4214 ¹)
300 4148 353 4199 Suo
381 4147 461 4213 igitur
487 4148 544 4197 iure
570 4148 729 4197 recentiores
757 4148 860 4209 musici,
887 4146 952 4212 quid
977 4148 1006 4195 in
1033 4147 1143 4212 antiqua
1169 4149 1272 4197 musica
1295 4152 1447 4213 comparata
1465 4164 1528 4197 cum

172 4240 262 4287 nostra
279 4235 346 4286 adso
366 4238 436 4285 esset
454 4234 646 4295 admirandum,
666 4248 695 4283 se
713 4248 768 4283 non
787 4234 942 4298 intellegere
960 4234 1077 4298 ingenue
1089 4233 1204 4283 confessi
1216 4238 1290 4298 sunt3
1310 4234 1342 4284 cf.
1353 4234 1379 4284 J.
1386 4234 1528 4285 N.Forkel

172 4322 241 4386 Allg.
262 4321 357 4373 Gesch.
376 4321 401 4373 d.
420 4321 519 4373 Musik.
538 4322 559 4371 I.
578 4320 697 4387 (Lipsiae
717 4319 797 4387 1788)
816 4338 841 4386 p.
861 4323 926 4371 384:
953 4320 1018 4384 ‚ltin
1037 4319 1213 4386 Hauptfehler
1231 4322 1259 4370 in
1277 4320 1325 4370 der
1342 4320 1527 4386 griechischen

172 4408 318 4472 Rhythmilr
345 4424 399 4459 war
424 4409 565 4473 unstreitig
592 4407 688 4470 dieser,
716 4407 777 4458 dass
805 4424 856 4457 nur
882 4407 1014 4458 aweierlei
1030 4409 1114 4457 Arten
1139 4422 1192 4457 von
1215 4408 1308 4458 Zeiten
1331 4422 1528 4473 angenommen

173 4494 283 4545 wurden
300 4514 363 4559 ...ς
389 4494 469 4547 kalne
487 4495 575 4545 Kunst
593 4494 640 4545 der
657 4494 774 4545 Melodie
792 4495 828 4545 ist
845 4495 881 4545 im
899 4493 1008 4556 Stande,
1036 4495 1096 4546 eine
1114 4493 1205 4546 solche
1224 4494 1301 4545 steife
1319 4495 1374 4545 und
1393 4495 1528 4560 iingstlich
