3300 5059
1421 161 1483 221 253

135 359 276 429 quantem
309 347 373 433 (14,
400 348 468 434 50):
503 352 577 411 ‘vidi
599 353 690 412 etiam
720 372 823 413 senem
855 353 986 427 Livium,
1023 353 1075 431 qui
1108 372 1175 409 eum
1207 371 1261 413 sex
1295 352 1381 410 annis
1415 359 1484 410 anto

136 472 227 532 quam
256 474 312 533 ego
339 461 428 513 natus
452 475 517 514 sum
547 453 581 539 (i.
611 476 638 525 c.
670 465 741 517 ante
764 478 790 516 a.
821 452 978 541 520Ja34)
1006 456 1139 516 fabulam
1168 455 1320 516 docuisset
1348 454 1485 527 Centone

135 557 351 640 Tuditanoque
392 558 571 635 consulibus¹
605 580 702 640 usque
730 560 767 620 ad
800 560 1037 621 adulescentiam
1065 580 1162 621 meam
1192 562 1339 642 processit
1366 560 1484 621 aetate!

135 663 167 721 in
190 663 236 722 his
266 664 360 741 igitur
386 672 553 744 temporum
586 665 752 728 rationibus
784 665 973 726 stabiliendis
1003 675 1115 726 rectam
1138 665 1275 726 videmus
1308 664 1485 726 Ciceronem

136 768 203 828 aliis
226 766 352 828 ducibus
376 770 407 829 in
429 771 534 850 primis
559 771 699 831 Varrone
725 772 830 832 iniisse
852 773 944 846 viam,
969 792 1007 832 ex
1031 773 1114 831 cuius
1130 770 1214 831 libris
1237 771 1327 831 etiam
1350 770 1485 830 Atticum

133 872 227 972 multa
256 874 381 953 petiisse
417 877 484 935 ‘veri
512 876 611 936 simile
634 886 679 937 est
702 874 753 962 (cf.
777 876 939 943 Ritsehslii,
960 879 1081 957 Parerg.
1105 900 1136 958 p.
1161 874 1227 961 49).
1261 896 1361 958 neque
1383 884 1484 937 tamen

134 976 213 1056 quod
238 977 275 1037 ad
299 972 410 1050 Naevii
426 988 558 1041 aetatem
582 981 779 1042 staduendam
806 989 925 1061 spectat
940 982 1020 1062 apud
1044 980 1222 1043 Ciceronem
1246 981 1400 1055 iudicium,
1418 982 1485 1060 pari

133 1082 223 1142 modo
246 1082 405 1161 probabile
437 1083 566 1157 videtur,
590 1105 773 1166 quamquam
804 1106 874 1152 eum
896 1106 955 1145 non
979 1088 1132 1165 ignorasse
1155 1087 1281 1147 alteram
1304 1086 1342 1146 de
1372 1085 1430 1145 hac
1451 1106 1485 1145 re

132 1190 322 1260 sententiam,
347 1188 493 1249 Varronis
517 1189 594 1263 dico,
618 1211 657 1251 ex
679 1191 785 1251 eodem
807 1192 873 1251 loco
889 1190 1014 1271 adparet
1039 1192 1135 1267 (Brut.
1162 1194 1210 1265 15,
1236 1188 1301 1273 60),
1327 1212 1387 1271 quo
1409 1191 1485 1250 haec

134 1293 295 1372 leguntur:
322 1293 378 1360 fhis
395 1294 475 1353 enim
492 1295 664 1355 consulibus
681 1294 827 1375 (Cethego
845 1303 875 1355 et
889 1296 925 1355 P.
942 1295 1096 1358 Tuditano
1114 1294 1279 1379 550s204),
1304 1304 1338 1355 ut
1352 1297 1382 1353 in
1400 1303 1481 1354 vete·

133 1396 216 1457 ribus
239 1397 461 1459 commentariis
476 1400 619 1478 scriptum
642 1408 697 1473 est,
722 1401 884 1468 Naeuius
909 1409 963 1460 est
986 1410 1163 1469 mortuus:
1185 1386 1368 1480 quamquam
1384 1400 1481 1459 Varro

133 1509 242 1575 noster,
270 1500 730 1583 diligentissimusinvestigator
752 1504 950 1586 antiquitatis,
977 1512 1063 1585 putat
1087 1506 1119 1564 in
1146 1503 1203 1563 hoc
1223 1512 1353 1564 erratum
1378 1505 1484 1564 vitum-

134 1626 193 1686 que
224 1607 333 1666 Nacvii
365 1606 505 1687 producit
535 1608 675 1687 longius)
710 1618 741 1667 at
764 1628 802 1668 ex
824 1610 916 1669 totius
939 1610 999 1669 loci
1032 1617 1136 1669 tenore
1167 1630 1228 1669 non
1261 1609 1360 1668 minus
1394 1629 1484 1687 quam

132 1732 171 1788 ex
192 1713 246 1785 eis,
264 1731 342 1792 quae
365 1713 577 1792 insequuntur:
608 1718 688 1772 ‘nam
710 1714 836 1773 Plautus
859 1714 894 1773 P.
920 1712 1047 1773 Claudio
1070 1714 1105 1773 L.
1130 1712 1237 1773 Porcio
1265 1713 1372 1792 viginti
1396 1715 1484 1782 aunis

130 1823 199 1897 post
214 1816 293 1893 illos,
325 1838 399 1898 quos
416 1828 485 1877 ante
501 1818 575 1892 dixi,
592 1817 764 1879 consulibus
789 1828 923 1880 mortuus
949 1829 993 1880 eat
1012 1817 1127 1879 Catone
1142 1816 1275 1879 censore*
1301 1814 1394 1902 (570)
1398 1816 1482 1901 184),

135 1920 273 1981 concludi
295 1930 396 2001 potest
418 1921 594 1983 Ciceronem
616 1925 725 2003 ipsum,
750 1944 932 2004 quamquam
956 1941 1017 1984 non
1040 1923 1204 1984 concedere
1226 1922 1358 2003 videtur,
1382 1930 1483 1983 tamen

131 2024 324 2100 dubitavisse,
347 2048 420 2086 num
446 2027 478 2086 id
501 2028 582 2108 quod
610 2029 640 2087 in
669 2029 822 2089 veteribus
849 2030 909 2089 illis
934 2030 1153 2097 commentariis
1181 2028 1323 2107 scriptum
1356 2028 1481 2100 invenit,

131 2150 235 2190 verum
259 2139 347 2206 esset,
372 2131 492 2212 quando
516 2132 638 2213 quidem
660 2134 762 2193 verbis
784 2134 847 2196 illis
869 2140 962 2193 ‘nam
985 2134 1184 2193 Plautus...
1203 2128 1334 2193 censore'
1360 2152 1483 2192 causam

131 2232 248 2308 adtulit,
266 2255 304 2295 ex
321 2256 380 2315 qua
395 2219 507 2296 Naevii
526 2240 590 2296 vita
611 2248 651 2298 ut
669 2239 793 2298 Plauti
818 2238 986 2319 aequalis
1016 2240 1135 2318 longius
1164 2246 1242 2306 esset
1264 2257 1331 2297 cum
1348 2237 1483 2296 Varrone

133 2339 335 2419 producenda.
372 2340 425 2401 sed
457 2342 532 2403 baec
564 2342 718 2410 hactenus.
761 2343 1014 2425 progrediendum
1046 2345 1127 2403 enim
1159 2352 1204 2403 est
1236 2342 1275 2402 ad
1309 2362 1359 2401 eos
1390 2341 1482 2421 locos,

131 2443 241 2521 quibus
264 2442 370 2506 Cicero
394 2446 432 2506 de
453 2456 609 2527 poetarum
632 2449 753 2509 illomm
774 2452 839 2511 vita
863 2458 893 2509 et
915 2450 1035 2535 scriptis
1058 2447 1176 2508 iudicia
1197 2448 1278 2520 fecit,
1312 2447 1480 2527 quibusque

133 2567 226 2608 unum
249 2550 417 2618 alterumve
439 2573 569 2629 versum,
594 2554 645 2631 qui
668 2554 700 2613 in
724 2575 827 2615 eorum
850 2554 1032 2615 carminibus
1055 2553 1221 2632 legebatur,
1245 2554 1389 2632 respexit.

235 2655 377 2724 Livium
401 2655 647 2718 Andronicum
670 2660 771 2738 igitur,
794 2667 829 2719 ut
844 2659 915 2719 inde
930 2660 1050 2718 initium
1074 2660 1237 2738 capiamus,
1261 2658 1293 2716 in
1316 2656 1481 2737 tragoediis

132 2758 357 2842 comoediisque
378 2763 593 2844 componendis
610 2773 762 2824 versatum
785 2783 851 2824 esse
875 2772 904 2825 et
920 2762 1081 2844 Odyssiam
1104 2766 1135 2823 in
1159 2783 1327 2823 sermonem
1341 2761 1484 2823 Latinum

132 2868 259 2929 vertisse
282 2869 395 2928 nemini
419 2877 463 2928 cst
485 2870 630 2947 ignotum.
666 2869 704 2928 de
736 2867 900 2948 tragoediis
923 2888 996 2929 vero
1021 2878 1051 2928 et
1083 2867 1246 2929 comoediis
1269 2869 1333 2927 eius
1364 2874 1485 2948 praeter

131 2992 230 3052 pauca
256 2974 426 3052 fragmenta
438 2967 462 3054 ¹)
493 2974 579 3039 tituli¹
606 2981 722 3034 tantum
765 2974 881 3054 aliquot
914 2973 951 3032 ad
985 2975 1061 3036 haec
1093 2983 1230 3054 tempora
1263 2979 1482 3053 pervenerunt;

131 3098 231 3157 neque
257 3077 315 3137 hoc
337 3078 454 3138 mirum.
478 3079 591 3143 etenim
612 3080 673 3138 iam
696 3076 850 3139 Ciceronis
881 3087 1017 3159 tempore
1043 3080 1073 3138 in
1102 3098 1242 3138 scaenam
1265 3078 1342 3137 mitti
1367 3075 1484 3135 desitae

132 3191 217 3242 erant
258 3182 430 3242 comoediae
470 3183 551 3256 illae,
587 3182 739 3242 rarissime
779 3181 942 3263 prodibant
982 3182 1168 3261 tragoediae,
1209 3202 1309 3261 neque
1337 3201 1354 3238 a
1381 3180 1484 3240 multis
1573 3214 1575 3218 ·
1638 3192 1639 3195 ’

133 3288 286 3349 lectitatae
309 3308 375 3348 esse
397 3288 540 3348 videntur
566 3288 624 3347 hae
651 3287 783 3347 fabulae.
807 3287 985 3369 quidquod
1013 3286 1118 3349 Cicero
1147 3286 1212 3368 ipse
1245 3288 1328 3347 Brut.
1362 3289 1411 3360 18,
1442 3287 1481 3344 71

132 3393 276 3452 Livianas
319 3392 439 3454 fabulas
483 3414 544 3454 non
589 3394 661 3454 satis
696 3392 802 3473 dignas
840 3400 905 3455 esse
948 3392 1032 3471 dicit,
1069 3412 1147 3474 quae
1185 3393 1294 3453 iterum
1330 3392 1481 3470 legantur.

133 3497 250 3558 accedit
284 3498 364 3578 quod
396 3499 491 3559 oratio
523 3499 604 3558 Livii
637 3499 726 3559 nirnis
760 3508 825 3560 erat
857 3498 932 3558 dura
965 3499 1205 3587 compositisque
1237 3498 1309 3558 artis
1331 3496 1481 3577 politioris

133 3602 225 3683 plane
257 3622 374 3682 expers,
409 3604 452 3662 ita
483 3612 517 3663 ut
558 3603 663 3664 Cicero
694 3602 859 3684 Odyssiam
891 3612 1045 3684 tamquam
1078 3624 1152 3683 opus
1193 3602 1315 3682 aliquod
1347 3599 1481 3662 Daedali

133 3707 292 3767 notaverit.
301 3704 328 3788 ²)
366 3707 446 3769 unde
490 3708 626 3788 sequitur
663 3710 836 3770 Ciceronem
882 3710 962 3768 Livii
1009 3708 1105 3790 scipta
1150 3730 1188 3769 ex
1232 3708 1285 3767 illo
1333 3717 1481 3787 tempore,

137 3830 197 3891 quc
242 3811 369 3871 fortasse
419 3831 494 3892 puer
539 3811 752 3892 degustaverat
801 3833 905 3874 eorum
950 3813 1144 3873 acerbitatem
1190 3808 1274 3895 (num
1320 3810 1484 3891 Odyssiam

134 3924 241 3996 postea
263 3916 355 3976 etiam
378 3916 409 3975 in
432 3916 512 3977 ludis
535 3937 601 3978 esse
623 3918 788 3978 lectitatam
810 3918 957 3979 Horatius
984 3928 1111 3979 testatur
1133 3920 1212 3999 Epp.
1237 3917 1270 3976 Π
1295 3919 1323 3991 1,
1350 3916 1414 3996 62),
1438 3936 1485 3974 ra·

133 4022 252 4082 tissime
275 4030 326 4080 aut
349 4022 470 4081 omnino
494 4042 554 4082 non
577 4023 760 4120 inspexisse,
784 4043 851 4082 cum
875 4023 980 4083 exeis
1004 4023 1164 4104 nequead
1188 4024 1374 4102 voluptatem
1400 4021 1482 4101 quic·

243 4265 260 4331 ¹)
280 4264 321 4315 cf.
340 4264 485 4316 Ribbeckii
502 4266 581 4331 Trag.
603 4267 679 4319 Rom.
708 4264 764 4317 fr.².
793 4284 819 4333 p.
841 4268 855 4317 1
874 4284 946 4334 sqq.;
966 4266 1040 4319 Com.
1059 4267 1135 4317 Rern.
1165 4263 1214 4316 sr.²
1232 4282 1256 4330 p.
1276 4268 1292 4315 3
1311 4281 1363 4330 sqq
1390 4265 1484 4315 Roem.

137 4355 218 4419 Trag.
237 4354 274 4403 im
293 4353 359 4405 Zeit.
378 4350 424 4403 der
442 4354 508 4417 Rep.
527 4370 552 4419 p.
572 4357 604 4404 19
623 4370 681 4420 sqq.

239 4440 261 4505 ²)
280 4439 320 4489 cf.
341 4440 412 4491 Plat.
432 4440 515 4506 Hipp.
534 4442 597 4491 mai.
616 4442 668 4492 282
686 4443 717 4493 Δ.
