3300 5059
208 194 251 302 oc
323 236 325 239 ·

208 433 272 493 vu
295 408 330 515 4)
355 451 390 489 ae
411 425 550 488 similitor
572 428 605 487 re
627 426 785 487 vocaturn
809 424 1008 509 cesarano
1035 425 1148 486 xvm
1176 428 1238 506 aa,
1253 425 1461 512 ,εὐπατρίδας
1488 427 1600 502 susa,

207 540 339 622 πατρῴῃ
377 534 477 594 XXII
513 534 586 594 205.
623 532 776 593 Homerus
808 533 951 611 genetivo
979 531 1103 615 πατρός
1123 532 1168 591 ita
1190 532 1294 606 utitur,
1318 540 1352 591 ut
1373 530 1472 592 modo
1506 553 1599 611 pro-

209 642 299 703 ducat
320 640 409 701 modo
433 639 575 722 corripiat
597 639 729 717 priorem
751 636 919 717 syllabam,
944 639 981 696 ci.
1005 639 1034 699 B
1058 639 1120 697 146
1144 638 1241 721 ὤρορ’
1276 633 1408 713 ἐπαΐξας
1443 637 1597 720 πατρὸς

207 725 291 821 Διὸς
312 744 349 809 ta
366 744 535 827 νεφελάων
559 749 589 804 et
612 746 639 805 Z
661 744 723 804 479
756 741 814 805 καί
821 792 823 797 ,
844 741 924 807 ποτέ
955 762 1004 817 τις
1026 743 1134 825 εἴπῃσι
1156 742 1279 825 πατρός
1309 744 1338 824 μ’
1363 741 1419 805 ὅδε
1444 740 1593 805 πολλὸν

208 850 361 933 ἀμείνων.
381 884 425 893 -
446 869 462 911 ε
484 846 666 909 substantivi
688 846 789 931 πέτρα
811 847 990 927 plerumque
1012 844 1165 929 (noviens)
1186 846 1377 926 producitur}
1404 848 1439 905 in
1466 846 1589 905 formis

207 954 308 1040 πέτρα
322 956 339 1014 Ι
355 956 406 1028 39,
423 954 519 1032 epigr.
543 954 560 1011 I
582 956 613 1031 4,
635 952 754 1034 πέτρας
776 950 793 1010 Ι
817 954 846 1027 8,
880 951 992 1011 XXIV
1015 954 1067 1025 95,
1090 950 1202 1011 XXVI
1228 953 1276 1026 10,
1293 950 1394 1036 πέτρᾳ
1408 950 1501 1011 VIII
1523 952 1583 1024 55,

208 1081 234 1119 c.
259 1058 330 1119 dub.
353 1058 436 1118 XXI
459 1060 510 1133 42,
544 1057 643 1140 πέτρῃ
677 1056 745 1115 XII
768 1059 819 1131 36,
842 1057 1009 1141 πέτραισιν
1032 1056 1081 1115 IX
1105 1058 1155 1129 16,
1180 1058 1239 1131 263
1266 1055 1314 1116 bis
1347 1065 1451 1115 antem
1477 1056 1582 1114 corri-

210 1166 295 1245 pitur
317 1164 348 1223 in
370 1164 467 1221 forma
489 1161 607 1245 πέτρας
629 1160 660 1220 Χ
693 1163 723 1236 7,
755 1160 854 1221 XXII
873 1161 928 1231 ⁸27.
952 1195 995 1206 —
1017 1180 1034 1223 ε
1056 1159 1197 1220 vocabuli
1230 1160 1466 1245 τετραμμένος
1501 1181 1578 1239 pro-

207 1268 329 1328 ductum
352 1277 398 1327 ast
419 1266 484 1327 VH
509 1264 584 1341 112,
604 1274 773 1346 correptum
795 1266 828 1325 in
850 1266 945 1326 sonna
966 1266 1205 1348 τετραμμένου
1225 1256 1309 1325 XIII
1332 1268 1383 1330 26.
1541 1274 1546 1277 '

296 1372 521 1432 Multitudincm
552 1370 780 1451 vocabulorum,
798 1372 845 1430 ‘in
878 1369 988 1452 quibus
1023 1389 1204 1451 quamquam
1238 1369 1275 1430 ab
1308 1390 1368 1429 una
1391 1369 1571 1449 eademque

209 1478 302 1556 stirps
325 1464 469 1537 derivatis
493 1476 673 1537 Theocritus
696 1467 819 1537 vocales
844 1455 916 1536 ante
937 1484 1051 1535 mutam
1075 1496 1100 1535 c.
1123 1476 1144 1535 1.
1171 1476 1285 1555 positas
1306 1474 1395 1535 modo
1416 1474 1572 1556 produxit

201 1576 299 1642 'modo
324 1583 477 1664 corripuit,
502 1582 527 1641 si
550 1580 736 1661 respicimus,
762 1581 792 1639 in
815 1580 990 1641 universum
1019 1579 1141 1660 quidem
1164 1589 1211 1639 sat
1233 1580 1328 1640 libero
1353 1599 1421 1640 cum
1448 1579 1512 1641 bac
1536 1579 1568 1637 in

135 1696 138 1701 '
209 1691 419 1753 reversatum
442 1706 508 1747 esse
525 1685 667 1769 adparet.
692 1684 840 1761 Quintum
863 1685 1065 1766 Smyrnaeum
1088 1684 1223 1765 quidem,
1247 1685 1328 1765 apud
1352 1684 1568 1767 qnem'Attica

210 1793 358 1871 correptio
380 1786 625 1873 frequentissima
648 1798 702 1865 est,
726 1791 758 1849 in
783 1810 820 1849 ea
842 1810 875 1850 re
898 1791 1080 1851 severiorem
1103 1808 1169 1851 sese
1192 1792 1380 1870 praestitisse
1403 1790 1507 1849 elucet
1526 1808 1566 1848 ex

211 1896 265 1969 cis,
290 1916 370 1975 quae
393 1895 538 1955 Ludwioh
562 1895 585 1957 l.
609 1916 634 1956 c.
652 1896 806 1976 exposuit3
831 1916 900 1954 nam
924 1895 955 1955 in
975 1896 1046 1975 plns
1061 1904 1127 1955 octo
1143 1893 1265 1955 milibus
1279 1914 1432 1969 versuum,
1451 1894 1565 1974 quibus

211 1999 317 2073 Quinti
341 2000 565 2061 Postbomerica
588 2008 734 2074 constant,
771 2000 803 2059 iu
835 1979 994 2060 duodecim
1024 2009 1142 2060 tantum
1168 1999 1325 2061 vocabulis
1348 1979 1419 2061 ante
1447 2007 1562 2058 mutam

103 2131 106 2136 ·
159 2175 161 2179 .
209 2125 234 2163 c.
259 2104 279 2162 l.
302 2104 422 2164 vocales
438 2106 565 2179 ratione,
590 2103 628 2164 de
651 2124 710 2185 qua
727 2104 835 2184 agitur,
859 2103 1080 2189 usurpantur¹).
1097 2114 1188 2185 atque
1211 2124 1249 2165 ex
1263 2105 1311 2164 bis
1327 2104 1400 2180 locis
1422 2106 1559 2184 quinque

208 2230 226 2267 a
257 2207 434 2268 Ludwichio
465 2210 497 2269 in
529 2207 748 2269 dubitationem
778 2218 934 2285 vocantur,
966 2210 1010 2268 ita
1036 2208 1169 2289 quidem,
1197 2218 1231 2269 nt
1256 2229 1316 2269 non
1348 2208 1429 2289 plns·
1448 2227 1558 2268 novem

209 2322 332 2374 restent.
358 2314 450 2373 ctiam
472 2312 554 2392 apud
577 2314 742 2374 Homerum
767 2316 831 2375 eius
854 2314 974 2393 generis
997 2314 1148 2394 exempla,
1173 2333 1251 2394 qnae
1274 2309 1420 2373 Ludwich
1443 2312 1556 2373 ibidem

209 2419 367 2501 congessit,
400 2426 447 2478 sat
477 2438 576 2498 pauca
606 2419 807 2498 reperiuntur.
840 2439 930 2500 quam
958 2418 1106 2480 rationem
1140 2420 1172 2478 in
1196 2416 1300 2496 eadem
1324 2438 1357 2479 ro
1381 2418 1475 2477 secuti
1497 2419 1558 2478 sint

207 2532 299 2602 poeta
321 2523 438 2605 tragici,
462 2543 480 2583 a
504 2522 651 2587 Goebelio
676 2527 848 2605 expositum
864 2523 952 2609 sst2).

297 2697 316 2762 ¹)
327 2696 456 2747 Ludwich
480 2696 691 2763 quattuordecim
713 2698 819 2765 quidem
844 2672 984 2749 uocabula*
996 2696 1089 2762 adfert,
1110 2695 1158 2748 aed
1174 2695 1227 2748 duo
1243 2702 1343 2767 mutam
1366 2712 1389 2747 c.
1403 2695 1421 2747 l.
1437 2696 1510 2745 initio
1527 2696 1553 2743 in

167 2800 171 2805 ·
207 2782 306 2834 habent
323 2784 444 2849 positam.

294 2868 315 2936 ²)
335 2869 377 2920 (tf.
395 2870 438 2921 De
457 2872 621 2937 correptione
639 2872 728 2923 Attica
744 2889 770 2938 p.
789 2874 823 2923 30
842 2888 900 2939 sqq.
