3300 5059
180 210 242 267 266

180 420 218 459 ex
240 418 276 459 eo
298 407 398 478 potest
420 398 566 475 intellegi,
596 396 676 476 quod
698 397 843 477 plurimos
868 418 906 457 ex
938 398 1078 458 omnibus
1100 398 1163 457 fere
1185 396 1291 456 Iliadis
1324 407 1354 456 et
1378 394 1530 476 Odyssiae

179 503 314 585 partibus
336 522 440 563 versus
463 498 516 586 (ex
538 503 576 562 Il.
592 503 662 576 XL,
686 523 724 563 ox
748 500 805 562 Od.
825 500 971 585 XVIIII)
995 502 1081 562 libris
1104 503 1165 561 suis
1188 501 1325 575 inseruit,
1353 522 1412 581 qua
1437 500 1474 560 de
1497 521 1530 560 re

180 609 345 689 disputavit
366 605 472 687 Lange
494 630 525 688 p.
549 610 590 668 33
614 628 679 688 sqq.
703 610 806 688 itaque
830 607 935 668 Cicero
959 606 1069 666 defin.
1093 607 1111 665 I
1135 609 1163 680 3,
1189 601 1264 666 7'se
1288 626 1326 666 ex
1348 605 1476 665 Platone
1501 616 1531 665 et

179 712 342 774 Aristotele
364 713 521 793 profitetur
543 714 705 772 nonnullos
729 713 810 773 locos
835 713 878 773 sic
901 710 934 797 (i.
958 732 984 773 e.
1009 707 1162 792 accurate)
1187 710 1268 771 velle
1290 711 1464 783 transferre,
1497 719 1531 768 ut

180 841 220 880 ex
241 820 375 880 Homero
397 819 494 879 soleat
515 819 642 878 Ennius.
668 818 741 897 quid
772 816 853 898 quod
875 818 993 877 Ennius
1015 818 1082 896 ipso
1106 815 1274 876 Annalium
1304 817 1392 876 initio
1415 815 1528 875 Home-

180 944 244 983 rum
268 924 325 983 sibi
348 924 379 982 in
402 923 525 982 somniis
548 924 646 982 visum
670 942 735 983 esse
762 932 916 995 memorat,
956 922 1039 980 ouius
1069 924 1200 981 animam
1229 922 1262 981 in
1300 942 1385 981 suum
1423 939 1532 999 corpus

181 1025 374 1112 transiisse.¹)
411 1029 450 1088 ad
478 1028 559 1109 quod
587 1029 681 1090 Ennii
719 1030 867 1089 somnium
903 1026 1009 1087 Cicero
1048 1028 1168 1107 saepius
1201 1024 1327 1085 adludit.
1360 1025 1533 1105 Scipionem

180 1133 387 1193 Aemilianum
410 1133 532 1215 quidem
555 1133 593 1193 de
614 1155 647 1194 re
670 1135 753 1215 publ.
776 1133 824 1194 VI
865 1135 906 1193 10
930 1132 1012 1218 quod
1035 1132 1174 1192 habuerit
1199 1131 1348 1193 somnium
1369 1132 1443 1190 iacit
1464 1150 1533 1189 nar·

182 1244 308 1301 rentem.
332 1259 399 1299 cum
432 1240 512 1298 enim
550 1240 582 1299 in
604 1240 731 1299 multam
768 1248 887 1299 noctem
925 1237 963 1298 de
985 1237 1130 1297 Africano
1153 1236 1320 1297 collocutus
1358 1243 1437 1297 esset
1460 1255 1530 1296 cum

181 1342 350 1418 Masinissa,
396 1346 506 1405 artiore
529 1364 633 1404 somno
657 1364 689 1403 se
712 1363 777 1404 osse
800 1362 985 1423 oppressum.
1033 1342 1092 1402 ‘hic
1114 1340 1197 1402 mihi’
1242 1342 1342 1421 inquit
1365 1339 1464 1400 ‘credo
1492 1360 1532 1399 ex
1630 1410 1631 1421 χ

183 1447 248 1521 hoo,
282 1447 363 1529 quod
386 1468 503 1509 eramus
526 1449 632 1509 locuti:
664 1450 699 1508 fit
721 1450 802 1508 enim
824 1449 897 1522 fere,
922 1457 955 1507 ιιι
979 1448 1176 1528 cogitationes
1198 1466 1413 1525 sermonesque
1434 1447 1531 1505 nostri
1630 1446 1631 1491 1

182 1553 302 1632 pariant
331 1554 445 1633 aliquid
468 1556 501 1615 in
523 1556 646 1615 somniis
668 1555 740 1628 tale,
779 1553 870 1634 quale
893 1552 931 1612 de
953 1552 1085 1613 Homero
1109 1552 1212 1615 scribit
1234 1552 1364 1626 Ennius,
1408 1550 1446 1611 de
1470 1570 1531 1631 quo
1630 1536 1631 1565 ³

183 1658 326 1719 videlicet
349 1660 525 1740 saepissime
549 1660 687 1743 vigilans
705 1658 823 1719 solebat
850 1658 985 1737 cogitare
1010 1667 1040 1718 et
1062 1658 1166 1742 loqui.’
1204 1666 1295 1738 atque
1333 1654 1371 1715 ad
1409 1656 1538 1717 eandem
1630 1710 1631 1715 ,

183 1783 247 1822 rem
272 1763 309 1823 ab
332 1765 433 1824 Ennio
458 1772 720 1825 commemoratam
743 1761 849 1823 Oieero
873 1763 995 1843 respicit
1017 1765 1074 1823 Ac.
1097 1784 1143 1843 pr.
1167 1762 1201 1821 H
1225 1765 1274 1835 16,
1300 1762 1355 1837 51;
1402 1764 1453 1836 27,
1478 1763 1533 1821 88.

286 1868 468 1950 Priusquam
492 1890 564 1929 vero
596 1868 634 1928 ad
666 1869 800 1948 singulos
824 1887 929 1927 versus
953 1887 971 1926 a
994 1866 1141 1929 Cicerone
1163 1865 1312 1927 adhibitos
1336 1875 1466 1940 transeo,
1503 1865 1536 1925 id

184 1992 306 2034 monere
335 1994 396 2034 non
417 1993 676 2054 supervacaneum
713 1973 836 2034 videtur
873 1992 948 2047 esse,
987 1980 1133 2052 quantum
1156 1970 1248 2032 studii
1284 1974 1316 2032 in
1354 1973 1533 2031 uuiversum

184 2079 314 2159 populus
335 2080 488 2139 Romanus
510 2078 691 2159 impenderit
712 2080 745 2138 in
767 2080 862 2138 Ennii
885 2077 1028 2137 Annales.
1052 2085 1170 2137 tantum
1193 2078 1274 2137 enim
1297 2076 1402 2151 abfuit,
1431 2083 1466 2135 ut
1488 2076 1538 2135 illi

185 2184 339 2245 Ciceronis
371 2193 471 2244 aetate
502 2169 735 2244 amandarentur
765 2183 804 2242 ad
841 2182 1026 2261 singulorum
1067 2181 1252 2251 eruditorum
1284 2180 1468 2255 umbracula,
1502 2188 1539 2239 ut

185 2298 284 2373 partes
312 2310 415 2349 eorum
446 2309 545 2349 coram
581 2289 694 2370 populo
731 2289 856 2349 Homeri
895 2288 1061 2347 carminum
1098 2306 1181 2347 more
1218 2288 1422 2351 recitarentur.
1456 2284 1539 2365 quod

186 2396 277 2476 paulo
309 2405 379 2475 post
412 2396 506 2455 Ennii
541 2403 668 2458 mortem
706 2396 821 2453 iactum
859 2412 924 2453 esso
961 2413 1016 2473 per
1047 2390 1084 2467 Q.
1118 2392 1339 2472 Vargunteium
1377 2390 1459 2451 Suet.
1498 2390 1538 2450 de

186 2522 310 2581 gramm.
341 2503 370 2559 2.
394 2508 531 2560 testatur.
570 2518 670 2578 neque
710 2497 835 2558 dubium
858 2518 923 2557 esse
944 2497 1074 2571 videtur,
1108 2498 1182 2576 quin
1225 2494 1378 2557 Ciceronis
1418 2515 1540 2576 qnoque

187 2614 322 2685 tempore
344 2604 425 2685 idem
447 2607 560 2665 factum
582 2606 622 2664 sit
644 2611 736 2685 atque
759 2602 954 2663 celeberrima
969 2602 1008 2662 ad
1024 2600 1206 2662 audiendum
1230 2609 1426 2661 carmentem
1447 2620 1536 2680 prae·

188 2710 302 2772 clarum
339 2732 450 2772 corona
486 2711 673 2772 confluxerit.
712 2719 803 2789 atque
825 2710 867 2769 ·is
907 2708 1055 2769 recitandi
1092 2728 1155 2769 mos
1178 2716 1338 2768 renovatus
1377 2717 1421 2768 est
1445 2706 1541 2769 Gellii

187 2827 295 2893 aetate,
321 2839 379 2899 quo
417 2819 610 2899 antiquorum
631 2825 789 2898 poetarum
813 2814 914 2876 studia
937 2814 989 2874 diu
1012 2813 1150 2893 neglecta
1172 2812 1397 2873 refovebantur.
1422 2810 1540 2873 Gellius

188 2923 310 3003 quidem
331 2923 444 2984 XVIH
467 2925 497 2998 5,
526 2944 594 2983 cum
615 2944 677 2982 una
699 2923 805 2981 fuisset
831 2919 969 2979 Puteolis
992 2939 1059 2978 cum
1091 2916 1225 2979 Antonio
1248 2918 1369 2978 Iuliano
1404 2916 1538 2992 rhetore,

187 3031 357 3090 nuntiatum
393 3030 452 3090 sibi
490 3049 555 3089 esse
592 3037 695 3087 narrat
740 3033 933 3105 anagnosten
952 3024 1113 3104 quendam
1138 3067 1247 3083 .....
1282 3024 1377 3083 Ennii
1399 3020 1538 3082 Annales

187 3139 290 3216 legere
318 3136 356 3196 ad
387 3135 534 3215 populum
570 3135 602 3193 in
630 3133 760 3209 theatro;
797 3141 861 3191 tum
897 3130 1051 3190 Iulianum
1089 3129 1218 3189 dixisse:
1261 3134 1373 3189 ‘eamus
1401 3126 1539 3187 auditum

188 3244 289 3304 nescio
313 3262 403 3323 quern
426 3242 515 3299 istum
537 3238 768 3299 Ennianistam’
793 3246 906 3318 quanta
929 3245 1030 3296 autem
1054 3235 1240 3294 audientium
1263 3232 1442 3294 adsensione
1464 3253 1539 3292 aua·

191 3357 313 3429 gnostes
336 3347 390 3406 ille
405 3365 529 3405 munere
552 3366 605 3405 suo
628 3346 748 3404 functus
776 3344 824 3417 sit,
858 3342 972 3414 exeis,
997 3360 1076 3419 quae
1107 3348 1281 3419 sequuntur,
1305 3338 1414 3399 elucet:
1439 3343 1540 3417 ‘quem
1630 3392 1631 3399 ,

194 3474 261 3513 oum
276 3454 336 3512 iam
358 3454 438 3511 inter
460 3452 600 3530 ingentes
623 3449 767 3508 clamores
790 3447 942 3526 legentem
958 3443 1179 3503 invenissemus
1191 3487 1299 3509 .....
1323 3462 1422 3524 neque
1437 3443 1541 3504 multis
1623 3434 1631 3496 ζ

189 3568 298 3641 postea
319 3557 456 3617 versibus
479 3555 590 3616 additis
613 3551 839 3614 celebrantibus
862 3568 930 3609 eum
948 3547 1203 3628 laudantibusque
1227 3549 1364 3609 omnibus
1381 3547 1539 3609 discessit!
1623 3587 1629 3598 -

179 3659 271 3747 'quod
293 3673 427 3724 veterum
443 3670 601 3743 poetarum
623 3658 754 3719 studium
770 3655 916 3716 Macrobii
940 3655 1059 3715 demum
1069 3661 1169 3715 aetate
1192 3655 1358 3714 extinctum
1369 3672 1435 3713 esse
1444 3673 1483 3713 ex
1495 3650 1540 3713 eis
1621 3657 1626 3668 '

191 3771 362 3850 intelleges,
378 3789 456 3850 quae
473 3766 604 3828 Macrob.
620 3765 683 3826 Sat.
694 3763 741 3824 VI
758 3766 786 3837 9,
805 3766 822 3822 9
839 3763 896 3822 hac
911 3761 948 3821 de
964 3782 997 3821 re
1013 3761 1175 3821 memoriae
1190 3760 1290 3819 tradit.
1315 3760 1419 3839 itaque
1436 3778 1539 3839 quam·
1618 3791 1626 3808 ·

194 3898 284 3958 quam
308 3896 345 3935 ex
369 3872 524 3934 Ciceronis
546 3869 731 3951 temporibus
753 3869 830 3928 nibil
854 3866 1021 3927 eiusmodi
1047 3864 1199 3946 proditum
1222 3873 1277 3938 est,
1309 3873 1409 3924 tamen
1443 3864 1539 3923 maxi·

189 4003 270 4042 mam
292 3980 383 4041 habet
404 3979 470 4039 veri
492 3978 624 4057 speciem
648 3976 737 4035 etiam
764 3985 828 4035 tum
859 3972 1006 4053 populum
1035 3972 1147 4031 laetum
1171 3970 1291 4031 audisse
1314 3970 1408 4028 Ennii
1432 3971 1540 4029 Anna·

191 4089 265 4149 lium
294 4087 349 4147 has
373 4085 423 4145 vel
445 4084 514 4143 illas
535 4090 637 4163 partes
664 4083 813 4141 recitatas.
847 4080 895 4139 cui
925 4079 972 4137 rei
1001 4077 1060 4137 hoc
1080 4076 1263 4157 patrocinari
1293 4073 1423 4149 videtur,
1458 4072 1543 4153 quod

191 4192 331 4253 nonnulli
352 4192 442 4251 huius
465 4189 604 4249 carminis
627 4187 686 4247 loci
707 4188 738 4246 in
763 4185 923 4245 multorum
934 4204 986 4245 ore
1008 4184 1102 4243 fuisse
1124 4180 1274 4242 videntur.
1300 4180 1410 4239 etenim
1433 4176 1542 4239 Oicero

192 4300 312 4377 saepius
335 4297 378 4356 ita
400 4289 552 4375 loquitur,
574 4302 607 4354 ut
633 4313 731 4373 pauca
753 4300 870 4352 tantum
892 4290 987 4351 verba
1019 4295 1231 4350 commemoret
1264 4287 1351 4366 quasi
1378 4284 1450 4345 satis
1483 4285 1544 4343 sint

192 4455 399 4473 ,.-...—.-..

295 4524 315 4594 ¹)
336 4522 376 4572 cf.
394 4521 491 4586 Porpb.
510 4522 539 4572 in
556 4520 622 4574 Hor.
641 4520 728 4588 Epist.
746 4519 773 4567 Il
793 4521 817 4582 1,
836 4519 878 4580 50,
897 4516 990 4567 Front.
1009 4516 1096 4579 Epist.
1116 4514 1172 4577 14,
1191 4530 1217 4579 p.
1239 4514 1269 4562 11
1289 4511 1323 4561 N.
