3300 5059
144 236 217 296 Ι166

240 425 349 485 Trech.
375 427 415 486 98
439 427 611 504 sq.=107
635 445 695 503 sq.:

197 542 249 595 str.
275 530 459 613 Ἀλκμήνας
480 532 562 593 πόθι
583 552 641 611 μοι
662 530 744 591 πόθι
766 551 823 609 μοι
845 537 922 601 παῖς

273 637 358 700 ναίει
378 638 449 698 ποτ’
450 682 461 713 ,
485 630 510 697 ὦ
533 638 663 718 λαμπρᾷ
687 642 828 717 στεροπᾷ
850 633 1020 715 φλεγέθων
1042 665 1089 694 ω-
1105 685 1132 693 -
1148 673 1163 692 c
1180 661 1207 690 a
1220 685 1242 691 -
1260 684 1284 690 -
1297 670 1329 689 cc
1341 661 1368 689 a
1379 669 1414 705 wa
1424 681 1447 689 -

188 752 248 804 ant.
273 741 479 824 ἀδακρύ-ιων
501 741 674 823 βλεφάρων
697 739 818 815 πόθον,
841 740 906 798 ἀλλ’

272 849 454 931 εὔμναστον
476 844 597 928 ἀνδρὸς
616 844 710 924 δεῖμα
729 825 917 926 τρέφονσαν
932 842 1022 905 ὁδοῦ.
1041 875 1089 903 m„
1106 895 1128 903 -
1139 856 1165 901 ι
1182 872 1209 901 a
1223 894 1248 902 -
1263 894 1287 900 -
1300 881 1330 901 cc
1346 871 1371 899 ι,
1382 878 1412 899 w
1427 891 1451 899 „a

152 970 246 1032 Dind.
262 970 362 1049 ,πόθι
382 990 439 1050 μοι
460 968 543 1030 πόθι
566 987 604 1027 ex
628 967 743 1046 aliquot
765 965 948 1045 apographis
970 985 1025 1046 pro
1049 965 1132 1027 πόθι
1153 986 1211 1047 μοι
1233 965 1316 1026 πόθι
1336 984 1403 1046 μοι,
1428 961 1507 1042 quod

154 1076 278 1157 probari
300 1094 388 1156 posse
411 1071 511 1132 deleto
534 1080 611 1147 παῖς
634 1072 807 1131 observavit
831 1071 947 1131 Person
972 1114 979 1129 .
1005 1067 1204 1149 ‚Sophocles
1232 1070 1305 1149 quin
1329 1068 1508 1147 praetulerit

153 1181 236 1243 πόθι
257 1200 314 1262 μοι
335 1179 418 1241 πόθι
438 1185 515 1252 παῖς
536 1178 611 1236 mihi
633 1198 694 1238 non
717 1176 838 1237 videtur
860 1175 991 1235 dubitari
1013 1175 1122 1255 posse)
1156 1175 1260 1254 Bergk
1287 1176 1318 1233 in
1342 1182 1403 1232 ant.
1429 1172 1507 1234 ἀλλὰ

155 1284 284 1364 scripsit,
308 1284 361 1363 qui
384 1282 482 1342 hiatus
505 1282 619 1342 nullam
642 1302 756 1361 pausae
778 1281 871 1341 habet
893 1279 1116 1341 excusationem
1139 1276 1197 1363 (cle
1216 1300 1246 1359 p.
1275 1276 1364 1362 185).

242 1406 322 1471 Phil.
345 1407 407 1465 209
421 1408 551 1465 :2182

196 1519 247 1572 str.
270 1511 456 1594 τρυσιῖνωρ·
481 1509 621 1591 διάσημα
642 1508 705 1592 γὰρ
727 1512 826 1592 θροεῖ

185 1622 245 1676 ant.
269 1614 431 1696 αὐγαὶ-ζων
458 1615 574 1699 ὅρμον·
602 1615 731 1697 προβοᾷ
761 1613 824 1697 γάρ
850 1634 882 1675 τι
909 1612 1028 1675 δεινόν.
1083 1641 1114 1687 ,ι
1129 1646 1153 1673 r
1166 1643 1236 1673 αι.
1314 1641 1368 1673 aa
1381 1666 1406 1673 -
1422 1653 1439 1673 c

152 1737 290 1798 Wunder
311 1738 441 1822 προβοᾷ
463 1758 494 1800 τι
516 1737 578 1818 γὰρ
602 1737 723 1814 δεινόν,
745 1736 852 1797 Herm.
873 1735 910 1798 δέ
931 1756 961 1797 τι
985 1734 1096 1797 δεινόν
1119 1735 1163 1815 (in
1188 1743 1239 1795 etr.
1257 1735 1286 1797 d.
1303 1739 1402 1828 θροεῖ
1421 1730 1508 1818 γάρ),

155 1844 331 1903 Lachmann
363 1843 493 1924 προβοᾷ
515 1841 578 1926 γὰρ
601 1844 737 1904 αἴλινον.
771 1840 874 1919 Bergk
896 1845 975 1923 θρεῖ
1005 1840 1073 1901 coll.
1097 1839 1234 1918 Hesych.
1259 1839 1506 1923 glossar‘loeerv·

151 1944 296 2031 θροεῖν(
306 1985 596 2007 --------
603 1944 615 2029 )
633 1955 662 2007 et
677 1967 706 2005 v.
725 1948 787 2006 218
803 1948 933 2030 προβοᾷ
956 1945 1018 2028 γὰρ
1041 1944 1136 2007 αἰνόν
1160 1945 1232 2018 ,nisi
1255 1945 1343 2004 melis
1358 1942 1508 2025 αὐγάζων

152 2053 281 2139 προβοᾷ
303 2071 334 2113 ιι
356 2050 491 2113 δεινόν’.

240 2155 320 2216 Phrr.
348 2156 595 2216 roer=rrrr>:
919 2226 923 2229 ⁴

212 2269 263 2321 atr.
289 2259 386 2323 ἕλωσί
405 2260 453 2341 μ’·
478 2257 518 2321 οὐ
541 2258 603 2342 γὰρ
628 2257 668 2321 ἔτ’
693 2259 792 2339 ἰσχύω
829 2300 845 2320 ε
856 2291 884 2320 2.
896 2300 912 2320 c
925 2313 947 2320 -
962 2301 992 2320 ει
1005 2290 1030 2318 a
1044 2312 1070 2320 -
1083 2313 1108 2321 -

202 2374 263 2425 ant.
287 2362 365 2446 ἐμὰς
387 2364 513 2442 λαχόντ’
537 2363 638 2437 ἀνίας.
830 2395 950 2425 cae„
972 2405 988 2424 c
1008 2397 1055 2425 rr.
1085 2417 1107 2425 -

154 2489 248 2549 Dind.
273 2485 370 2551 ἕλωσί
394 2488 425 2567 μ’
450 2484 490 2548 οὐ
516 2485 579 2569 peip
602 2485 646 2549 ἔτ’
670 2490 748 2567 ἴσχω
778 2484 869 2569 (ἴσχω
898 2447 977 2567 quod
1001 2489 1170 2547 coniecerat
1193 2487 1304 2560 Heath,
1334 2487 1509 2566 suppeditat

159 2593 223 2654 cod.
247 2593 317 2650 Par.
346 2591 442 2671 2712,
470 2610 560 2668 quem
583 2592 832 2671 interpolatorum
857 2592 992 2651 codicum
1020 2594 1123 2671 generi
1152 2590 1411 2651 adnumerandum
1444 2610 1509 2651 esse

157 2698 207 2757 hic
240 2715 359 2776 qnoque
391 2695 522 2755 ostendit
551 2692 648 2777 locus)
678 2696 727 2756 vel
753 2693 869 2759 ἕλωσιν
898 2696 967 2759 οὐδ’
994 2696 1035 2759 ἔτ’
1061 2700 1160 2780 ἀρκῶ.
1193 2696 1326 2774 Bergkio
1359 2696 1508 2775 Sophocle

158 2803 234 2862 haec
257 2800 349 2880 digna
371 2800 526 2861 videntur:
553 2801 672 2882 χελῶσῖ
692 2803 738 2883 μ’·
763 2800 867 2863 οὐκέτ’
891 2800 979 2884 ἀρκῶ
1002 2791 1116 2863 νεῖοἰί
1138 2800 1200 2883 γὰρ
1224 2803 1323 2883 ἀρκῶ.
1349 2800 1506 2861 Gleditsch

155 2905 260 2971 ἕλοιεν
283 2894 517 2988 (Schneidewin)
543 2903 645 2967 οὐκέτ’
671 2901 808 2988 (Dissen)
834 2907 921 2984 ἴσχω.

242 3026 321 3089 Phil.
348 3028 595 3086 1137=1161:

198 3140 248 3193 etr.
273 3132 360 3214 μυρί’
378 3131 429 3193 ἀπ’
446 3130 589 3215 αἰσχρῶν
616 3130 836 3209 ἀνατέλλονθ’,
858 3132 903 3194 ὃσ’
920 3130 970 3212 ἐφ’
986 3132 1075 3213 ἡ-μῖν
1094 3163 1120 3191 a
1133 3173 1162 3191 m
1179 3165 1226 3192 r..
1242 3164 1267 3191 a
1281 3172 1310 3192 a
1324 3166 1348 3193 r.
1363 3162 1389 3191 a
1401 3173 1432 3191 w
1445 3166 1469 3192 a

202 3246 262 3295 ant.
286 3236 398 3318 μηκέτι
418 3236 556 3318 μηδενὸς
577 3237 749 3319 κρατύνων
772 3236 832 3298 ὅσα
854 3236 991 3318 nep-mr.
1105 3270 1110 3284 ι

156 3359 210 3419 hos
233 3378 337 3417 versus
359 3378 447 3417 nemo
475 3359 636 3438 temptavit
664 3368 790 3439 excepto
814 3359 991 3434 Schmidtio,
1025 3362 1077 3440 qui
1109 3363 1194 3440 quasi
1228 3360 1266 3421 de
1292 3360 1410 3440 tripode
1434 3359 1510 3418 haec

156 3462 246 3525 dixit:
280 3462 347 3536 ‚Ich
382 3462 460 3521 habe
492 3462 531 3544 db
567 3460 680 3548 (μυρία
706 3462 746 3545 δὴ
775 3462 828 3525 ἀπ’
851 3461 921 3547 etc.)
945 3472 1077 3544 ergdnzt,
1114 3465 1152 3523 da
1175 3467 1243 3525 eine
1266 3464 1428 3525 metrische
1449 3466 1508 3523 Re·

155 3567 296 3647 sponsion
330 3568 413 3628 einer
445 3568 647 3647 springenden
680 3564 716 3652 (l)
750 3568 936 3647 Tetrapodie
967 3603 1191 3631 wwwwww
1226 3570 1288 3629 und
1318 3571 1401 3630 einer
1424 3588 1509 3647 repe·
1541 3604 1544 3607 ·

154 3673 244 3733 tirten
282 3706 521 3735 „„„„„„„
554 3695 591 3732 zu
622 3673 689 3733 dem
717 3672 1054 3734 Allerundenkharsten
1086 3673 1209 3755 gehhrt!
1245 3696 1304 3755 quo
1335 3694 1407 3732 num
1438 3674 1508 3753 quid

156 3777 262 3837 falsius
278 3779 316 3838 sit
332 3779 544 3856 excogitatum,
563 3776 676 3837 dubito.
700 3798 894 3857 nequaquam
917 3780 1010 3857 igitur
1033 3780 1196 3839 novissimo
1221 3779 1378 3859 Sophoclis
1401 3777 1509 3837 editori

156 3882 322 3943 Schuherto
355 3882 461 3943 honori
494 3892 537 3941 est
567 3881 753 3957 vertendum,
788 3882 868 3963 quod
900 3882 940 3965 δὴ
972 3880 1027 3945 ἀπ’
1052 3906 1068 3944 e
1092 3883 1251 3944 Schmidtii
1283 3885 1455 3943 coniectura
1477 3883 1509 3940 in

155 3997 270 4048 textum
302 3988 427 4067 recepit.
462 3986 560 4047 adfert
585 3987 639 4047 hos
668 4006 772 4047 versus
804 3988 880 4049 nihil
907 3988 945 4048 de
967 4009 1000 4048 re
1032 3989 1184 4069 rythmica
1215 3988 1318 4048 dicens
1351 3986 1510 4067 Westphal

155 4092 208 4154 11²
232 4096 304 4167 736,
333 4110 434 4184 neque
467 4090 587 4151 Christ2
608 4112 639 4171 p.
663 4095 726 4151 473
751 4102 856 4172 aperte
878 4094 985 4153 horum
1009 4114 1151 4154 versuum
1174 4094 1376 4175 rhythmicam
1405 4092 1509 4151 definit

53 4196 55 4198 ’
155 4199 302 4260 rationem
331 4196 447 4257 dicens:
482 4197 656 4276 ‚einigemal
680 4199 799 4257 vertritt
822 4219 912 4279 sogar
934 4199 983 4259 die
1010 4200 1172 4259 iambische
1196 4198 1330 4279 Dipodie
1357 4198 1507 4277 geradezu

156 4304 213 4363 den
238 4302 399 4363 Ohoriamb
422 4294 455 4360 in
478 4302 532 4363 der
564 4302 822 4382 respondirenden
857 4302 1007 4385 strophe!
1041 4304 1113 4384 quid
1136 4323 1210 4363 vero
1242 4312 1288 4363 est
1319 4304 1508 4365 choriambus

155 4408 209 4468 ille
243 4407 302 4467 nisi
335 4406 459 4488 dipodia
493 4408 680 4483 catalectica,
719 4410 803 4469 cuius
828 4410 924 4468 altera
947 4411 1021 4469 arsis
1043 4410 1075 4467 in
1097 4410 1250 4468 trisemam
1272 4409 1509 4488 magnitudinem

153 4510 348 4592 producenda
371 4510 440 4570 est?
