3300 5059
1422 196 1483 259 241

134 384 275 447 Latinam
298 386 456 462 convertit,
488 384 568 469 quod
592 395 803 468 argumentum
834 408 902 449 eum
927 386 985 449 sibi
1017 388 1181 470 sumpsisse
1209 390 1401 451 tractandum
1423 412 1483 451 non

132 492 320 569 mirabimur,
344 514 412 554 cum
429 494 517 553 Arati
538 493 670 553 carmina
689 494 812 553 maximi
836 501 900 553 tum
921 494 1152 555 aestimarentur
1167 515 1227 555 non
1243 496 1339 556 solum
1360 506 1486 576 propter

136 598 303 659 doctrinam
325 599 532 679 sermonisque
567 598 760 677 elegantiam,
794 598 847 658 sed
872 600 963 658 etiam
984 609 1108 680 propter
1123 600 1204 660 vitae
1226 620 1323 681 usum,
1348 602 1481 680 quisex

132 704 176 763 eis
198 724 308 778 rerum,
341 724 420 783 quae
443 704 481 762 ad
504 712 585 763 astra
607 704 770 785 pertinent,
794 703 920 763 scientia
941 703 1111 785 petebatur.
1137 713 1227 784 atque
1256 706 1483 765 exercitationis

136 828 225 868 causa
248 805 355 868 Cicero
388 809 484 889 ipsam
513 808 655 888 poeticen
693 809 830 887 attigisse
852 808 973 867 videtur
1004 816 1034 867 et
1058 807 1234 868 adulescens
1259 811 1393 870 carmina
1414 810 1485 869 seri-

131 915 238 995 psisse,
262 914 348 973 velut
370 914 513 974 Pontium
537 912 687 972 Glaucum
709 909 806 997 (Plut.
832 912 896 973 Oto.
926 912 968 994 2),
992 914 1156 993 Alcyonas,
1188 914 1349 999 Uxorium,
1381 914 1485 975 Nilum

134 1015 209 1101 (Iul.
233 1016 308 1100 Cap.
332 1016 426 1079 Gord.
452 1020 482 1093 3,
507 1014 551 1101 2).
574 1033 674 1104 neque
705 1026 806 1077 tamen
829 1015 1002 1095 negandum
1034 1025 1080 1077 est
1111 1038 1180 1078 eum
1204 1018 1387 1091 carminibus
1410 1020 1486 1099 ipsis

134 1122 266 1202 quodam
289 1121 379 1181 modo
404 1122 587 1183 delectatum
608 1122 708 1182 studio
730 1112 814 1182 haud
837 1121 980 1182 mediocri
1002 1123 1100 1202 poetis
1124 1142 1156 1182 se
1180 1121 1308 1187 dedisse.
1332 1124 1417 1183 cuius
1440 1124 1485 1182 rei

132 1227 207 1287 duas
230 1226 349 1288 adferre
371 1247 529 1307 possumus
553 1247 673 1287 causas:
697 1226 927 1307 primumquod
944 1224 1049 1286 Cicero
1073 1226 1165 1286 etiam
1187 1236 1287 1288 aetate
1309 1229 1485 1308 provectior

134 1331 317 1392 carminibus
350 1332 574 1393 conseribendis
600 1339 722 1413 operam
746 1331 831 1391 dedit
853 1328 905 1413 (cf.
928 1332 1088 1392 Drumann
1111 1332 1132 1391 1.
1157 1352 1182 1394 1.
1206 1332 1262 1393 VI.
1285 1352 1317 1413 p.
1342 1330 1419 1417 683)
1444 1344 1484 1410 11,

131 1457 315 1519 quamquam
347 1458 416 1497 eum
446 1438 652 1518 ‘Melpomene
680 1446 854 1498 nascentem
878 1437 1000 1518 placido
1022 1438 1146 1497 lumine'
1174 1457 1234 1497 uon
1257 1437 1335 1497 vidit
1360 1439 1486 1520 eiusque

131 1544 265 1603 carmina
289 1542 469 1604 adversariis
492 1544 566 1604 satis
590 1544 742 1624 copiosam
764 1542 952 1623 praebebant
978 1543 1145 1616 materiem,
1173 1550 1206 1601 ut
1234 1562 1305 1602 eum
1328 1554 1487 1624 carperent

133 1656 224 1729 atque
255 1647 436 1709 deluderent
468 1646 519 1727 (11.
553 1647 731 1721 Quintus
760 1650 788 1721 1,
814 1648 874 1723 24;
905 1647 974 1710 Iuv.
1001 1650 1051 1719 10,
1078 1649 1155 1721 124;
1187 1647 1274 1709 Mart.
1298 1647 1333 1707 Π
1364 1649 1415 1722 89,
1440 1644 1485 1733 3),

132 1762 233 1814 tamen
250 1754 341 1814 exeis
357 1753 489 1813 studium
505 1761 535 1813 et
550 1773 633 1812 amor
648 1751 771 1832 quidam
789 1759 892 1831 potest
906 1751 1049 1831 perspici,
1067 1770 1126 1830 quo
1143 1751 1301 1832 amplexus
1319 1761 1365 1812 est
1380 1750 1485 1813 Cicero

135 1859 286 1939 poeticen.
311 1856 421 1944 deinde
446 1858 522 1919 adeo
546 1868 611 1917 erat
633 1864 770 1917 versatus
794 1858 826 1916 iu
849 1866 1007 1936 poetarum
1031 1854 1223 1931 carminibus,
1256 1864 1289 1916 ut
1312 1876 1381 1916 eum
1403 1857 1484 1919 baud

130 1982 257 2044 parvam
290 1982 330 2021 ex
356 1962 416 2021 illis
444 1963 580 2023 hausisse
608 1962 837 2022 delectationem
864 1961 955 2021 facile
977 1980 1130 2039 agnoscas.
1165 1970 1324 2041 praeterea
1345 1982 1485 2041 magnam

131 2069 218 2127 illam
238 2067 311 2149 vim,
344 2087 421 2147 quae
453 2067 500 2126 his
533 2068 612 2127 inest
643 2066 760 2149 studiis,
784 2064 890 2125 Oieero
922 2085 1086 2145 numquam
1120 2066 1265 2145 neglexit.
1302 2087 1484 2147 quamquam

132 2173 214 2232 enim
236 2173 330 2235 Tusc.
355 2172 388 2231 II
413 2175 463 2244 11,
489 2174 528 2231 26
553 2206 595 2215 -
617 2172 761 2230 nimirum
787 2179 822 2230 ut
844 2170 1044 2251 philosophus
1068 2177 1098 2229 et
1124 2170 1213 2231 homo
1238 2172 1402 2247 Romanus,
1436 2173 1484 2231 cui

131 2297 182 2336 res
204 2278 369 2357 graviores,
404 2278 436 2335 in
464 2277 570 2356 primis
601 2276 741 2357 publicae
773 2277 869 2355 magis
893 2276 978 2337 cordi
1002 2295 1068 2335 esse
1097 2275 1250 2337 debebant
1282 2297 1371 2356 quam
1403 2276 1485 2336 lusus

130 2378 302 2466 poeticus1)
325 2404 368 2428 -ι-
390 2384 422 2441 11
452 2391 558 2463 poetas
580 2382 743 2457 invehitur,
778 2382 860 2464 quod
888 2382 1003 2441 animos
1025 2381 1165 2441 molliant
1187 2390 1278 2461 atque
1302 2382 1484 2455 effeminent,

133 2497 246 2563 tamen,
271 2496 417 2567 quantum
439 2488 486 2546 illi
508 2486 662 2548 adferrent
684 2486 861 2548 mortalibus
885 2488 965 2562 boui,
995 2486 1090 2567 probe
1113 2495 1320 2567 perspexerat.
1353 2508 1485 2567 namque

133 2592 242 2653 eodem
265 2594 331 2653 loco
354 2592 457 2653 dulces
480 2613 545 2653 esse
567 2603 675 2673 poetas
690 2593 765 2651 dicit
788 2592 873 2673 adeo,
899 2601 1014 2652 utnon
1038 2594 1179 2672 legantur
1201 2592 1300 2675 modo,
1324 2592 1483 2654 sedetiam

134 2698 305 2759 ediscantur
328 2706 359 2758 et
391 2698 470 2758 hanc
502 2718 568 2759 esse
599 2719 639 2758 ex
669 2718 723 2758 sua
754 2698 905 2782 sententia
938 2697 1141 2759 eruditionem
1174 2697 1331 2759 liberalem
1360 2707 1391 2759 et
1414 2698 1483 2758 doo-

133 2803 254 2869 trinam.
285 2823 385 2884 neque
415 2803 507 2882 plane
539 2802 721 2863 omittendus
754 2802 829 2861 mihi
862 2822 926 2863 esse
957 2802 1078 2862 videtur
1109 2802 1193 2863 locus
1224 2803 1277 2863 ille
1309 2804 1484 2885 praeclarus

132 2908 183 2967 vel
215 2909 317 2988 pueris
348 2908 522 2968 notissimus
553 2928 608 2989 pro
631 2907 725 2967 Aroh.
751 2909 780 2983 7,
806 2910 857 2982 16,
890 2907 938 2966 oui
973 2920 1157 2987 quamquam
1188 2927 1248 2966 uon
1281 2908 1325 2967 ita
1356 2908 1484 2968 multum

130 3012 325 3073 tribuendum
337 3021 391 3089 est,
408 3015 482 3093 quia
497 3013 573 3073 11111
589 3012 668 3073 dicta
683 3021 754 3073 suut
768 3014 800 3071 in
812 3013 947 3072 oratione
963 3033 1018 3092 pro
1034 3022 1125 3093 poeta
1140 3012 1245 3073 habita
1262 3033 1359 3093 eoque
1376 3012 1483 3073 Cicero

134 3118 202 3178 sine
225 3117 318 3178 dubio
342 3118 457 3178 iudices
488 3138 678 3178 commovere
701 3126 792 3197 atque
814 3118 845 3177 in
869 3119 1050 3177 sententiam
1079 3138 1164 3178 suam
1186 3117 1352 3198 perducere
1374 3118 1482 3193 voluit,

131 3231 232 3282 tamen
271 3222 417 3283 concedes
454 3223 532 3283 haec
568 3224 612 3283 ita
648 3222 846 3302 pronuntiata
879 3242 954 3298 1111,
993 3230 1028 3282 ut
1059 3243 1138 3304 quae
1174 3222 1281 3285 laudes
1313 3224 1481 3285 debeantur

130 3328 218 3408 poesi
256 3326 433 3388 Ciceronem
470 3332 591 3407 egregie
629 3328 805 3405 cognovisse
843 3327 1046 3407 intellegatur.
1085 3348 1145 3388 non
1184 3336 1248 3389 erat
1279 3331 1413 3409 profecto
1450 3331 1482 3389 in

130 3432 235 3491 Tullio
260 3433 399 3492 caelestis
421 3432 476 3491 illa
498 3433 614 3516 ingenii
636 3434 692 3506 vis,
729 3453 790 3512 qua
813 3434 899 3511 quasi
922 3418 995 3493 deo⁰
1011 3434 1146 3512 agitante
1180 3428 1334 3495 calescunt
1365 3443 1484 3515 poetae,

130 3556 193 3596 non
223 3545 300 3617 pura
322 3538 378 3597 illa
400 3536 518 3617 pulchri
542 3538 673 3616 cognitio
704 3547 734 3597 et
756 3537 925 3613 admiratio,
957 3560 1017 3599 uon
1042 3558 1078 3599 ea
1101 3538 1246 3615 doctrina,
1279 3539 1360 3599 unde
1383 3549 1486 3599 manat

121 3625 240 3702 ‘subtile
264 3649 295 3701 et
316 3644 444 3722 politum
469 3642 507 3702 (11
528 3643 677 3721 poematis
700 3640 897 3726 iudicium,2).
915 3651 1016 3703 tamen
1050 3645 1147 3704 inerat
1178 3645 1209 3704 in
1245 3665 1280 3704 eo
1313 3646 1483 3707 aestimatio

236 3799 255 3863 ¹)
274 3799 377 3849 Eodem
404 3797 483 3860 modo
511 3798 699 3863 accipiendum
727 3802 768 3849 est
793 3800 865 3865 qnod
884 3800 978 3850 Cicero
998 3800 1063 3850 dicit
1082 3801 1157 3851 Brut.
1178 3804 1200 3862 1,
1221 3802 1249 3850 3:
1271 3802 1380 3850 ‘etenim
1408 3802 1484 3849 siin

129 3883 298 3937 leviorum
317 3886 442 3937 artium
461 3883 550 3936 studio
563 3886 707 3936 memoriae
719 3886 854 3952 proditum
869 3892 909 3936 est
927 3891 1045 3951 poetas
1063 3886 1169 3938 nobiles
1178 3893 1319 3953 poetarum
1329 3886 1484 3953 aequalium

132 3978 218 4024 morte
236 3972 365 4038 doluisse,
385 3989 437 4040 quo
457 3974 566 4024 tandem
585 3972 675 4023 animo
704 3973 762 4024 eius
786 3974 923 4024 interitum
941 3974 1011 4025 11111
1030 3974 1120 4036 debui,
1149 3990 1210 4025 cum
1230 3990 1282 4042 qno
1302 3981 1407 4025 certare
1426 3979 1484 4025 erat

129 4060 273 4126 gloriosius
293 4077 374 4127 quam
402 4064 510 4112 omnino
529 4061 713 4111 adversarium
740 4077 795 4111 non
825 4059 954 4112 haberet’
974 4062 1086 4128 adparet
1105 4060 1263 4112 Ciceronem
1292 4062 1394 4128 poesim
1413 4062 1483 4112 inter

130 4148 248 4199 leviores
275 4154 346 4200 artes
369 4149 504 4201 rettulisse
522 4165 577 4200 non
607 4151 684 4216 quasi
712 4164 771 4200 eam
789 4150 899 4199 minoris
927 4149 1035 4213 faceret,
1063 4151 1111 4200 sed
1144 4148 1215 4216 quod
1249 4148 1334 4216 pluris
1360 4150 1482 4215 proiecto

134 4242 193 4288 erat
219 4237 324 4288 homiui
350 4238 470 4289 Romano
500 4240 614 4291 forensis
644 4254 735 4304 opera3
768 4240 802 4290 11.
830 4236 905 4288 Brut.
934 4238 975 4302 18,
1004 4240 1049 4304 703
1080 4238 1113 4289 de
1141 4254 1179 4289 or.
1201 4236 1216 4287 1
1243 4240 1268 4301 2,
1292 4240 1321 4304 c,
1349 4240 1391 4301 49,
1419 4240 1482 4304 212;

130 4323 199 4375 cato
220 4325 261 4389 14,
281 4326 322 4377 110.

234 4407 256 4477 ²)
275 4411 317 4463 Oi.
335 4412 372 4463 H.
391 4412 519 4478 Schenkl,
536 4413 580 4476 De
599 4413 730 4465 Cicerone
758 4416 841 4477 poeta
869 4414 895 4461 in
924 4411 1136 4465 ‘Jabresbericht
1163 4410 1210 4463 des
1237 4412 1367 4464 Vereines
1386 4412 1484 4464 Mittei·

128 4498 241 4563 schule',
259 4499 376 4551 Vindob.
396 4502 471 4552 1886.

171 4594 227 4628 osu.
238 4593 287 4637 pru
300 4593 360 4629 vine.
372 4595 387 4628 1.
1330 4591 1362 4641 lt
