3300 5059
1423 232 1485 292 313

140 448 243 489 versus
271 426 310 490 ad
331 429 417 490 Brut.
439 426 457 485 I
480 428 509 499 2,
534 428 552 486 5
576 432 607 487 et
630 424 668 485 ad
690 423 756 490 Att.
778 392 845 485 XII
868 426 918 498 38,
943 426 973 489 2.
1001 424 1074 484 dicit
1097 424 1177 483 enim
1192 422 1294 483 Philto
1317 423 1355 483 ad
1377 422 1484 498 filium,

139 535 191 614 qui
213 535 306 593 vitam
328 530 465 613 probam,
489 550 579 611 quam
603 530 844 609 omnitempore
867 529 972 609 egerit,
996 527 1167 608 praedicat:

240 651 315 719 ‘quid
332 653 487 717 exprobras,
505 652 575 702 bene
593 650 665 718 qudd
687 650 790 700 fecisti?
807 646 859 700 rfbi
878 649 972 712 fecisti,
991 646 1045 700 ndu
1064 649 1140 701 mihi:

240 739 306 791 mlhi
325 740 434 807 quidem
451 744 526 790 aetas
544 736 630 790 fotam
647 738 740 801 ferme,
757 735 805 789 tria
823 738 893 787 istuc
911 736 992 787 refert
1012 733 1143 787 maxume’
1161 735 1198 803 (ll
1216 739 1242 799 2,
1261 737 1294 787 rt
1313 736 1372 803 sq.).

139 868 264 929 quorum
287 867 378 908 versu
400 848 566 928 posteriore
589 843 696 906 Cicero
719 846 751 904 in
774 846 817 905 eis
842 864 918 926 quas
953 843 1016 904 dixi
1050 844 1189 923 epistulis
1221 844 1259 903 de
1282 844 1429 903 sentitur
1452 854 1485 903 ut

92 954 95 960 ’
139 955 348 1033 sexagenario.
371 951 596 1034 proverbialem
619 959 719 1011 autern
742 949 856 1009 babere
879 948 1002 1009 videtur
1023 958 1170 1023 naturam,
1195 948 1277 1029 quod
1298 948 1404 1007 eodem
1420 948 1487 1007 lo'co

140 1059 293 1119 Lusiteles
315 1062 430 1139 profert
453 1058 490 1117 de
511 1056 606 1137 patris
628 1056 813 1136 praeceptis:

313 1175 396 1229 ‘sarta
414 1182 486 1230 tecta
503 1175 550 1228 tria
568 1180 714 1243 praecepta
730 1191 817 1243 usque
837 1172 921 1225 habui
940 1188 1000 1225 mea
1018 1172 1159 1226 modestia’
1177 1173 1216 1239 (11
1234 1176 1258 1236 2,
1277 1173 1334 1241 36);

140 1306 231 1365 quam
254 1286 292 1346 ob
315 1306 378 1345 rem
400 1286 455 1344 vix
477 1304 532 1365 pro
555 1291 636 1343 certo
660 1281 720 1342 dici
742 1290 842 1362 potest
864 1280 1041 1341 Ciceronem
1072 1280 1132 1341 huc
1162 1280 1311 1343 adlusisse
1343 1279 1382 1339 ad
1417 1280 1488 1341 fam.

139 1389 224 1450 XIII
247 1390 298 1463 50,
323 1390 355 1448 2:
380 1388 447 1447 ‘hoc
468 1388 543 1447 mihi
574 1386 613 1447 da
650 1396 741 1467 atque
763 1387 883 1465 largire,
907 1395 941 1445 ut
962 1387 1003 1448 Μ.
1027 1383 1152 1446 Curium
1179 1394 1292 1446 sartum
1315 1396 1345 1447 et
1366 1395 1488 1460 tectum,

138 1502 172 1554 ιιι
194 1475 295 1569 aiunt,
312 1541 320 1556 .
338 1538 371 1555 ..
395 1492 576 1555 conserves)
600 1492 742 1573 idemque
770 1490 851 1553 cadit
872 1492 904 1552 in
928 1492 1002 1552 alios
1026 1492 1198 1551 Trinummi
1220 1492 1303 1553 locos
1330 1492 1487 1573 quosdam,

138 1598 234 1658 veluti
256 1598 323 1657 IIII
347 1600 376 1678 2,
409 1598 450 1658 57
482 1603 510 1657 ‘e
541 1597 680 1657 manibus
709 1597 792 1657 dedit
824 1598 866 1656 mi
902 1598 969 1677 ipse
999 1599 1031 1655 in
1059 1599 1184 1671 manus,’
1208 1599 1245 1656 cf.
1270 1595 1332 1660 Cic.
1357 1598 1396 1657 ad
1418 1601 1490 1662 fam.

138 1703 203 1763 VII
226 1704 255 1782 5,
282 1706 311 1777 3,
336 1707 441 1761 ‘toturn
464 1700 597 1781 denique
620 1700 771 1761 bominem
803 1701 860 1762 tibi
892 1704 935 1761 ita
966 1701 1053 1761 trado
1083 1700 1120 1761 de
1142 1721 1243 1776 manu,
1276 1711 1309 1761 ut
1331 1702 1426 1772 aiunt,
1458 1704 1490 1763 iu

140 1829 262 1868 manum
284 1815 367 1866 tuam
389 1802 499 1865 istam!
522 1815 553 1864 at
576 1825 654 1885 quae
676 1806 757 1865 inter
771 1805 972 1865 Lesbonicum
995 1813 1025 1865 et
1047 1804 1210 1865 Stasimum
1231 1825 1350 1865 servum
1373 1806 1490 1866 institu-

139 1922 229 1971 untur
260 1912 409 1991 pecuniae
438 1912 579 1992 profusae
600 1910 731 1971 rationes
753 1910 787 1969 II
809 1913 840 1984 4,
865 1908 1004 1970 Ciceroni
1028 1919 1108 1970 certe
1132 1919 1204 1970 aute
1226 1910 1328 1970 oculos
1352 1920 1490 1972 versatae

139 2024 210 2075 sunt
239 2018 271 2076 in
295 2017 358 2076 Pis.
383 2017 435 2092 25,
461 2019 512 2077 61.
544 2018 678 2077 sentiens
711 2016 792 2076 enim
818 2014 996 2076 adulescens
1025 2035 1058 2075 se
1081 2035 1146 2076 esse
1170 2036 1188 2074 a
1209 2036 1296 2077 servo
1319 2026 1490 2078 emunctum

139 2122 217 2181 haec
239 2121 327 2182 dicit:

504 2201 681 2273 ‘nequiquam
699 2208 804 2273 argenti
823 2202 893 2257 ratio
912 2204 1050 2271 comparit
1067 2206 1177 2260 tamen’.

141 2306 205 2356 tum
228 2291 355 2357 ridicule
377 2314 496 2356 servus:

332 2417 408 2470 ‘ratid
427 2419 534 2485 quidem
552 2416 642 2468 hercle
660 2413 788 2482 adparet:
807 2425 949 2483 argentum
967 2414 1077 2486 obgsrm’
1096 2418 1134 2484 (Π
1152 2421 1177 2481 f,
1198 2419 1230 2468 18
1248 2417 1307 2485 sq.),

143 2524 224 2605 quod
247 2524 368 2585 Stasimi
400 2544 577 2605 responsum
605 2524 712 2585 Cicero
743 2525 841 2584 facete
873 2523 997 2584 adhibet
1029 2523 1066 2585 de
1098 2522 1274 2599 rationibus,
1310 2546 1385 2605 quas
1420 2528 1490 2587 Piso

141 2629 259 2689 dederit
289 2631 466 2710 provinciae
494 2629 735 2688 administratae:
772 2630 827 2688 ‘ita
859 2630 941 2688 enim
972 2630 1050 2688 sunt'
1072 2629 1172 2708 inquit
1200 2632 1395 2710 ‘perscriptae
1417 2633 1492 2690 scite

145 2744 176 2794 et
196 2736 339 2808 litterate,
363 2744 396 2793 ut
418 2733 526 2807 scriba,
559 2733 599 2792 ad
621 2735 770 2794 aerarium
794 2735 849 2815 qui
882 2754 933 2793 eas
960 2734 1086 2808 rettulit,
1118 2735 1294 2814 perscriptis
1325 2736 1492 2797 rationibus

143 2860 245 2900 secum
272 2841 337 2921 ipse
361 2848 451 2919 caput
474 2840 594 2899 sinistra
616 2858 708 2897 manu
738 2839 906 2917 perfricans
934 2848 1201 2899 commurmuratus
1233 2840 1287 2899 sits
1322 2842 1409 2901 ‘ratio

144 2943 284 3025 uixerat!
317 2944 371 3005 sed
403 2943 532 3004 eundern
556 2943 728 3004 Trinummi
760 2943 858 3005 locum
882 2942 1058 3004 Ciceronem
1091 2946 1123 3004 in
1149 2952 1251 3004 mente
1283 2945 1425 3006 habuisse
1454 2946 1492 3006 ad

143 3052 206 3115 Art.
231 3050 277 3110 VI
302 3052 329 3121 1,
354 3052 369 3107 1
396 3046 483 3130 (‘qua
497 3068 530 3107 re
552 3068 613 3107 nou
637 3050 757 3127 οἴχεται
776 3056 829 3107 tua
844 3048 1000 3130 industria,
1026 3049 1106 3128 quod
1122 3050 1246 3129 vereris,
1268 3048 1321 3109 sed
1337 3052 1493 3129 praeclare

142 3149 304 3235 ponitur’),
320 3153 352 3213 id
375 3153 456 3233 quod
481 3154 555 3213 Brix
577 3162 679 3213 censet
701 3153 740 3212 ad
763 3154 848 3218 Trin.
873 3157 946 3227 418,
970 3163 1093 3233 propter
1115 3155 1209 3215 solam
1240 3148 1347 3215 vocem
1374 3159 1494 3239 οἴχεται

144 3280 199 3338 ego
223 3258 344 3339 quidem
368 3238 550 3319 contendere
573 3280 634 3319 non
657 3260 765 3333 ausim,
790 3258 960 3338 quiaillud
982 3261 1102 3340 οἴχεται
1123 3261 1154 3318 in
1171 3261 1278 3340 populi
1300 3281 1352 3321 ore
1374 3262 1494 3322 videtur

143 3365 245 3437 fuisse,
282 3384 373 3444 quem
407 3364 446 3423 ad
477 3362 598 3423 modum
621 3385 677 3424 nos
701 3362 829 3423 dicimus
862 3366 911 3424 ‘ist
942 3363 1083 3445 pfutsob'.
1116 3366 1176 3424 iam
1209 3386 1247 3425 ex
1279 3366 1493 3427 iucundissima

145 3470 237 3531 totius
268 3468 392 3528 fabulae
423 3489 534 3529 scaeua
566 3469 689 3551 (11123
714 3472 752 3529 cf.
776 3469 860 3532 Brix.
886 3471 918 3528 iu
942 3470 1028 3529 Triu.
1061 3471 1157 3549 praef.
1181 3491 1212 3549 p.
1237 3466 1294 3554 27)
1327 3473 1493 3533 versiculus

143 3575 254 3634 citatur
277 3573 315 3633 de
339 3593 382 3635 or.
405 3573 440 3632 II
465 3575 516 3651 10,
542 3576 592 3638 39.
627 3582 673 3632 cst
695 3575 775 3634 enim
802 3575 888 3635 locus
911 3574 974 3654 ille,
1006 3573 1059 3634 ubi
1081 3574 1232 3637 Lusiteles
1256 3584 1287 3635 et
1307 3575 1494 3637 Lesbonicus

143 3678 352 3739 adulescentes
375 3679 489 3737 eximia
511 3678 603 3737 animi
626 3679 834 3757 magnitudine
864 3680 970 3740 officiis
995 3683 1074 3740 inter
1093 3700 1126 3741 se
1142 3691 1273 3742 certant:
1296 3681 1492 3755 Lesbonicus,

143 3784 196 3863 qui
219 3803 303 3843 suam
326 3802 388 3841 rem
411 3783 592 3843 familiarem
615 3783 800 3862 profuderat,
833 3786 925 3844 sorori
950 3804 1064 3863 agrum,
1098 3804 1188 3866 quem
1223 3786 1315 3846 babet
1344 3787 1491 3861 ultimum,

144 3887 208 3948 doti
223 3888 395 3967 relinquere
410 3888 487 3962 vult,
512 3907 611 3967 neque
632 3896 733 3948 tamen
752 3887 903 3948 Lusiteles
920 3889 1002 3948 illius
1025 3909 1157 3950 sororem
1174 3890 1316 3952 ducturus
1332 3893 1493 3972 quicquam

142 3994 253 4072 accipit
274 3992 312 4052 ab
335 3994 448 4053 amico:
477 3992 550 4053 inde
572 3993 787 4075 controversia,
819 4013 912 4072 quam
942 3994 1117 4074 interpellat
1140 3994 1298 4074 Stasimus,
1332 3998 1420 4077 quasi
1454 3998 1493 4056 sit

143 4098 321 4158 certaminis
344 4097 466 4180 arbiter,
489 4097 537 4158 his
559 4099 676 4159 verbis:

280 4216 344 4268 ‘ndu
362 4218 433 4269 enim
451 4234 559 4286 possum
579 4217 645 4285 quin
664 4218 822 4273 exclamem:
842 4235 919 4285 euge,
939 4216 1015 4287 erige,
1033 4216 1176 4283 Lusitelbs,
1193 4218 1284 4275 abac.

278 4303 357 4357 ffcile
376 4306 493 4371 palmam
509 4304 608 4357 babes:
628 4307 671 4356 bic
689 4304 801 4357 nictust:
820 4304 887 4359 uicit
905 4312 954 4358 tua
971 4304 1113 4359 comobdia
1133 4304 1188 4377 (111
1206 4311 1231 4372 2,
1251 4309 1284 4361 79
1302 4309 1367 4376 sq.).

138 4410 221 4471 buno
243 4412 337 4492 igitur
358 4412 458 4473 locum
483 4411 590 4474 Cicero
613 4414 737 4494 respicit
760 4414 813 4491 ita,
846 4423 880 4473 ut
911 4420 977 4473 arte
1005 4410 1127 4473 dicendi
1150 4412 1187 4472 ab
1211 4413 1347 4474 Antonio
1369 4418 1492 4479 summis

140 4516 281 4576 laudibus
306 4516 390 4576 elata
411 4518 455 4577 sic
477 4518 568 4578 faciat
592 4517 733 4578 Catulum
757 4519 943 4598 loquentem:
970 4517 1047 4597 ‘etei,
1072 4518 1196 4591 Antoni,
1221 4518 1346 4579 minime
1367 4521 1492 4605 impedi·
