3300 5059
218 416 308 475 Eum.
333 418 404 490 958.
420 421 596 499 rq.=978
619 441 681 499 sq.:

175 529 225 579 atr.
251 520 395 605 άώ-ρονς
418 523 589 589 ἀπεννέπω
612 526 709 607 τύχας
824 564 841 585 o
856 578 876 584 -
891 563 908 584 ι
919 554 944 583 ,·
957 563 973 585 ι
986 578 1010 585 -

254 627 416 690 νεανίδων
438 631 464 691 τ’
481 628 652 712 ἐπηράτων
757 670 772 689 ι
796 660 802 676 ι
823 668 877 689 ι-
890 668 906 688 υ
929 660 935 677 o
956 667 972 689 ι
986 682 1010 689 -

165 738 226 794 ant.
249 732 365 813 μήποτ’
381 730 417 794 ἐν
438 734 531 796 πόλει
554 735 667 795 στάσιν
784 765 839 794 ,νυ
852 788 875 794 ,
890 773 906 793 υ
929 766 942 791 ·.
956 773 972 793 ι
986 788 1009 794 -

250 836 319 916 τᾷδ’
337 834 512 920 ἐπεύχομαι
534 838 674 921 βρέμειν.
701 865 703 869 ·
783 869 873 899 ao-
888 878 905 899 ο
920 868 972 899 aa
986 893 1009 899 -

129 963 160 1001 v,
191 943 252 1001 979
279 944 357 1017 <τι>
381 942 451 1024 τᾷδ’
476 942 658 1002 Wakefield.
689 944 742 1003 alii
771 944 876 1025 procul
915 942 1005 1003 dubio
1041 944 1202 1006 νεανίδων
1239 945 1381 1005 creticum
1418 965 1483 1004 esse

132 1054 311 1108 statuerunt.

218 1151 310 1230 Soph.
336 1149 372 1215 Ο,
397 1149 431 1215 O.
459 1153 540 1211 1057
564 1156 757 1231 sq.=1072
782 1174 843 1232 eq.:

174 1265 224 1314 str.
250 1254 403 1338 αὐτάρκει
425 1257 491 1338 τάχ’
515 1253 657 1338 ἐμμίξειν
679 1259 742 1341 βοᾷ
785 1290 833 1318 ω-
850 1291 873 1318 u
888 1290 942 1317 no
955 1311 980 1319 -
995 1312 1019 1319 ..
1033 1290 1059 1319 a
1072 1298 1125 1320 ι-

226 1374 231 1378 ·
250 1361 360 1423 τούσδ’
384 1360 447 1423 άνὸι
468 1362 596 1443 χώρους

164 1473 225 1525 ant.
249 1464 305 1526 καί
325 1464 384 1526 τὸν
406 1466 543 1527 πόντιον
564 1467 720 1549 χαιάοχον
787 1500 835 1527 ω-
851 1500 875 1528 n
890 1497 981 1529 aa-
995 1522 1021 1528 -
1034 1499 1089 1529 ,ει
1102 1520 1127 1528 -

252 1569 341 1643 Ῥέας
364 1570 461 1651 φίλον
483 1570 568 1633 υἱόν.
787 1626 806 1631 ..
857 1626 879 1632 -
894 1624 920 1633 ..
1380 1604 1383 1611 ’

130 1673 223 1733 Dind.
245 1673 351 1751 ,Ῥέας
381 1674 622 1755 monosyllabum
654 1686 688 1736 ut
719 1676 801 1756 apud
828 1676 993 1736 Homerum
1019 1677 1059 1735 ΙΙ.
1083 1673 1147 1737 XV
1179 1674 1238 1735 187
1270 1695 1309 1734 ex
1340 1676 1485 1735 librorum

128 1780 290 1839 multorum
313 1778 451 1855 lectione
465 1789 552 1863 τρεῖς
573 1782 636 1865 γάρ
657 1784 684 1843 τ’
701 1780 737 1844 ἐκ
752 1782 887 1865 Κρόνου
909 1780 998 1862 εἰμὲν
1021 1780 1182 1863 ἀδελφεοί,
1206 1782 1265 1854 οὓς
1278 1781 1388 1844 τέκετο
1402 1780 1483 1843 Ῥέα.

134 1886 188 1965 Ῥη
212 1884 329 1963 legerat
343 1884 536 1965 Pherecydes
560 1885 598 1944 ab
613 1885 788 1945 Herodiano
812 1895 993 1945 memoratus
1015 1886 1090 1969 περὶ
1112 1908 1184 1967 μον.
1208 1888 1235 1947 λ.
1251 1906 1281 1964 p.
1295 1888 1368 1945 911.
1380 1888 1420 1945 23
1431 1885 1484 1945 L.:

131 1988 160 2051 εἰ
182 1988 219 2051 δέ
240 2009 289 2063 τις
310 1987 406 2070 λέγει,
428 1989 482 2051 καί
504 1990 524 2071 ἡ
544 1990 615 2052 Ῥέα
635 1992 687 2071 Ῥη
710 1990 859 2071 κέκληται
880 1988 946 2052 ὑπὸ
961 1999 1020 2052 τοῦ
1037 1992 1175 2071 Συρίου,
1199 1992 1276 2052 ίστω
1294 1989 1344 2051 ὅτι
1364 1988 1485 2054 αὐτοῦ

130 2092 233 2167 ἴδιος
262 2092 282 2173 ἡ
309 2101 443 2176 χρῆσις
469 2094 524 2158 καί
547 2093 587 2157 οὐ
609 2100 710 2156 πάσιν
732 2096 811 2169 ἴσως
832 2093 852 2175 ἢ
874 2094 929 2156 καί
954 2096 1103 2168 Ἀττικοῖς
1124 2094 1144 2175 ἡ
1167 2102 1286 2176 χνάισις
1309 2092 1395 2158 ἐστί’
1423 2098 1484 2156 iem

130 2197 177 2257 his
200 2197 380 2271 Herodiani,
412 2197 644 2257 luculentissimi
668 2197 775 2257 harum
797 2218 898 2259 rerum
921 2199 1060 2273 auctoris,
1090 2199 1190 2258 verbis
1212 2200 1368 2279 perpensis
1391 2222 1430 2260 ne
1453 2202 1484 2261 in

130 2311 263 2361 mentem
285 2301 406 2381 quidem
431 2301 560 2361 debebat
583 2303 723 2382 cuiquam
746 2304 851 2362 venire
873 2303 1083 2383 monosyllaba
1111 2304 1199 2378 Ῥέας
1222 2324 1371 2378 mensura,
1406 2327 1483 2386 quae

131 2406 212 2467 haud
227 2408 288 2466 scio
311 2426 350 2465 au
373 2406 517 2467 teretibus
534 2406 718 2468 Graecorum
740 2408 861 2467 auribus
882 2429 943 2467 non
961 2408 1086 2487 perinde
1101 2407 1227 2467 ridicule
1244 2410 1386 2483 sonuerit,
1404 2430 1439 2469 ec
1457 2412 1481 2470 si

132 2519 252 2571 nostrae
275 2512 382 2571 aetatis
404 2521 514 2592 poetae
538 2513 667 2574 eandem
689 2513 747 2573 sibi
768 2515 799 2572 in
816 2514 988 2573 nominibus
1003 2515 1136 2593 propriis
1151 2500 1314 2573 adsumunt
1329 2515 1483 2575 licentiam

134 2626 236 2677 contra
258 2618 404 2677 sermonis
428 2614 555 2700 usum1).
580 2620 670 2677 Beier
691 2640 722 2698 p.
741 2620 781 2677 45
805 2640 874 2678 cum
897 2638 995 2697 neque
1011 2618 1206 2679 Homericum
1225 2602 1296 2683 Ῥέα
1313 2640 1411 2698 neque
1431 2622 1483 2702 Ῥῆ

133 2720 358 2801 Pherecydeum
382 2721 526 2808 Sophocli
558 2722 670 2800 edlingi
702 2742 790 2801 posse
813 2724 871 2783 sihi
893 2724 1100 2802 persuasisset,
1131 2725 1196 2798 Γάς
1227 2726 1393 2804 proposuit,
1431 2725 1483 2784 sed

133 2828 190 2885 iem
223 2828 288 2906 ipso
319 2825 408 2886 huius
436 2827 626 2887 coniecturae
653 2826 848 2887 labefactavit
875 2810 1118 2905 probabilitatem
1148 2828 1250 2890 dicens
1280 2839 1400 2907 praeter
1424 2830 1484 2888 elia

131 2930 240 2989 bacin
265 2931 436 2990 coniectura
459 2930 608 2991 adiectum
637 2932 794 3011 χαιάοχον
821 2929 988 3010 displicere.
1014 2930 1169 2991 Gladitsch
1193 2934 1314 3011 scripsit
1337 2933 1485 3006 στεινοὺς

132 3038 194 3101 άνδι
216 3039 343 3122 χώρους
359 3064 401 3089 =
418 3036 506 3110 Ῥέας
529 3037 626 3118 φίἰον
648 3035 724 3098 υἱόν
747 3044 777 3095 ct
798 3055 920 3116 prorsus
936 3036 1072 3127 inaudito
1087 3035 1176 3095 modo
1194 3036 1344 3116 syllabam
1360 3036 1483 3097 brevem

138 3146 188 3207 Ῥε
210 3146 242 3204 in
264 3145 418 3203 trisemam
440 3140 664 3219 longitudinem
686 3140 839 3219 produxit.

219 3245 470 3325 Transgredimur
486 3244 524 3304 ad
541 3246 691 3325 exempla,
713 3245 765 3304 ubi
786 3245 874 3304 metri
890 3244 1089 3323 aequabilitas
1105 3246 1242 3305 restituta
1258 3254 1303 3305 est
1325 3247 1457 3307 littere
1473 3271 1485 3309 ι

132 3372 186 3432 per
217 3352 380 3432 synizesim
413 3359 546 3429 accepta,
584 3372 643 3430 qua
675 3350 712 3409 de
744 3370 778 3410 re
811 3351 842 3409 in
873 3349 1007 3409 diversas
1030 3350 1131 3411 abiere
1154 3361 1255 3430 partes
1278 3353 1338 3411 viri
1363 3352 1482 3413 eruditi.

131 3457 261 3515 litteram
286 3480 297 3519 ι
320 3455 480 3537 syniuesim
509 3456 610 3515 iacere
632 3465 724 3535 neget
746 3456 862 3514 Porsen
894 3453 933 3513 ad
955 3456 1030 3513 Eur.
1054 3456 1169 3517 Phoen.
1198 3457 1289 3529 1651,
1326 3456 1482 3515 Hermann

131 3581 201 3621 vero
235 3561 317 3642 apud
349 3563 430 3640 ipsos
465 3560 595 3639 tragicos
627 3579 694 3619 eam
723 3561 956 3619 contractionem
978 3580 1037 3619 non
1062 3580 1183 3640 prorsus
1206 3559 1396 3639 inprobatam
1420 3581 1485 3622 esse

133 3666 295 3741 contendit,
318 3666 404 3727 velut
427 3667 457 3724 in
481 3663 617 3748 καρδίας
640 3674 670 3724 ct
692 3665 830 3748 καρδίαν
854 3664 935 3745 apud
951 3664 1137 3746 Aeschylum
1155 3661 1194 3748 (E
1205 3666 1234 3723 D
1246 3666 1285 3725 M.
1304 3686 1335 3744 p.
1354 3667 1393 3725 53
1411 3662 1483 3749 sq.).

132 3774 203 3831 item
227 3773 333 3832 statuit
354 3772 463 3831 Hartel
485 3773 517 3831 in
541 3770 632 3829 Hom.
650 3770 735 3829 Stud.
756 3771 816 3834 HI.
840 3792 871 3850 p.
896 3773 935 3830 18
960 3794 972 3833 ι
992 3773 1129 3831 vocalem
1154 3774 1335 3849 consonaej
1361 3791 1484 3831 munere

131 3878 216 3957 fungi
240 3898 339 3958 posse,
364 3878 449 3937 cuius
473 3877 621 3957 synizesis
643 3876 759 3955 profert
781 3876 923 3955 exempla
939 3874 1023 3956 Sept.
1038 3876 1112 3956 275,
1131 3874 1484 3959 Supp1.74(dequibus

131 3983 222 4060 paulo
254 3983 332 4041 inira
364 3978 503 4063 dicetur),
536 3981 635 4040 Prom.
661 3981 723 4040 707
747 3980 992 4061 ἀπροσδόκητος
1020 3981 1049 4043 δ’
1066 3980 1167 4042 αὐτὸν
1194 3979 1358 4063 αἰφνίδιος
1384 3982 1485 4062 μόρος

132 4083 298 4170 (ἐξαίφνης
320 4108 390 4160 ree,
412 4086 576 4169 αἰφνίδιος
599 4084 699 4147 αὐτὸν
720 4085 822 4166 μόρος
844 4086 971 4159 Porsen,
996 4085 1148 4167 ἀφνίδιος
1164 4085 1311 4165 Hlmsley,
1336 4084 1484 4166 αἰφνίδια

132 4192 237 4265 Bothe,
281 4192 434 4274 αἰφνηδίς
470 4191 643 4272 Wieseler),
677 4191 762 4250 Pers.
797 4193 860 4252 996
899 4191 1051 4273 Μάρδων
1083 4190 1214 4274 ἀνδρῶν
1245 4190 1484 4271 μυριόνταρχον

132 4293 344 4377 (μυριοταχόν
368 4296 488 4377 Diod).
528 4297 636 4355 Baiero
665 4295 796 4374 denique
820 4296 940 4355 litterae
968 4318 980 4357 ι
1013 4296 1154 4374 exempla
1177 4296 1208 4353 in
1231 4293 1364 4374 synizesi
1386 4294 1484 4373 posita

135 4452 338 4463 ---—--

217 4519 239 4585 ¹)
258 4519 316 4583 ,sia
333 4520 482 4586 veriolgten
501 4521 571 4571 mich
590 4520 660 4571 nach
681 4520 797 4587 Napel'
818 4519 943 4571 Soheffel.
