3300 5059
174 198 236 256 312

172 386 223 445 Ill
248 375 298 459 12',
324 381 390 466 45),
414 385 440 441 is
463 391 562 441 tamen
587 389 651 440 eret
673 400 780 461 sermo,
804 380 857 459 qui
879 398 1001 457 prorsus
1026 380 1238 457 antiquitatem
1261 380 1408 459 reciperet
1430 400 1524 459 neque

176 497 325 550 oratorem
354 487 526 564 elegantiae
553 486 804 546 studiosissimum
832 492 934 564 posset
967 484 1070 563 aliqua
1101 502 1140 543 ex
1170 491 1257 562 parte
1289 484 1404 549 iuvare.
1438 493 1524 565 atque

174 594 312 653 Tulliam
334 575 459 652 revera
481 591 579 650 minus
603 591 694 649 fuisse
716 597 868 649 versatum
890 589 923 647 in
947 586 1109 650 comoediis
1126 587 1287 663 Plautinis,
1310 589 1362 649 vel
1377 590 1462 650 locus
1475 591 1525 650 ille

174 698 212 759 de
229 698 275 759 oti.
294 699 311 758 I
328 699 378 770 29,
397 698 459 755 104
481 694 609 775 prodere
631 694 706 753 mibi
720 694 852 754 videtur.
870 691 1003 773 ‘duplex’
1019 693 1118 773 inquit
1133 692 1176 751 ibi
1196 694 1331 754 ‘omnino
1347 703 1392 755 est
1407 694 1525 755 iocandi

174 823 283 883 genus:
306 821 400 862 unum
421 799 591 873 inliberale‚
615 799 767 879 petulans,
788 797 979 877 flagitiosum,
996 796 1168 871 obscenum,
1185 798 1312 859 alterum
1329 799 1463 878 elegans,
1478 822 1521 860 nr·

174 907 296 982 benum,
313 908 454 969 facetum.
470 921 531 984 quo
546 923 658 983 genere
674 950 682 966 .
699 948 726 963 ..
742 902 870 962 Plautus
886 910 987 963 noster
1002 910 1032 962 et
1049 903 1217 963 Atticorum
1233 906 1359 984 antiqua
1376 904 1527 965 comoedia

179 1012 358 1074 ...referti
381 1009 471 1073 sunt.’
494 1028 600 1070 verum
623 1006 706 1067 haud
727 1010 789 1067 seio
813 1028 852 1067 an
875 1008 988 1067 multae
1003 1006 1105 1066 Plauti
1128 1008 1250 1068 fabulae
1271 1010 1323 1069 vel
1347 1029 1450 1070 aarum
1471 1010 1527 1069 loci

177 1116 310 1198 quidam,
344 1100 453 1196 quibus
485 1112 656 1192 ‘spdrcidiei
684 1112 788 1172 insunt
822 1114 926 1173 uorsus
953 1112 1205 1171 inmemorabiles'
1230 1109 1333 1195 (Oapt.
1357 1110 1441 1174 Prol.
1464 1112 1526 1197 56),

177 1224 267 1283 etiam
292 1221 330 1280 ad
353 1222 438 1300 prius
460 1218 537 1279 illud
568 1219 701 1277 iocorum
732 1237 828 1295 genus
851 1216 1107 1283 siutreferenda.
1140 1237 1214 1277 sane
1238 1217 1360 1297 quidem
1383 1218 1526 1279 indicium

177 1327 255 1387 illud
279 1334 309 1386 et
331 1324 403 1385 inde
424 1332 524 1404 potest
547 1323 705 1402 explicari,
737 1321 817 1403 qnod
842 1321 948 1381 Cicero
979 1321 1036 1381 hac
1058 1322 1090 1381 in
1114 1342 1146 1383 re
1169 1322 1275 1382 codem
1298 1322 1399 1383 studio
1423 1321 1529 1383 ductus

135 1495 137 1498 ,
178 1440 232 1506 est,
265 1452 324 1511 qno
358 1430 470 1489 Naevii
504 1447 625 1487 causam
658 1436 763 1486 contra
794 1427 928 1488 Ennium
961 1427 1095 1505 suscepit
1126 1428 1271 1489 acerrime
1310 1426 1529 1488 defendendam

36 1519 44 1607 Ἴ,
63 1549 65 1552 ’
178 1534 220 1620 (v.
231 1557 262 1616 p.
275 1530 369 1615 260):
395 1542 428 1592 ut
451 1533 530 1593 enim
556 1531 598 1595 ibi
621 1552 682 1592 non
705 1552 811 1611 passus
829 1541 874 1591 est
890 1530 1052 1610 quicquam
1069 1530 1188 1591 detrahi
1204 1530 1243 1592 de
1257 1534 1358 1612 poesis
1378 1532 1533 1593 Romanae

179 1639 331 1720 laudibus,
355 1640 399 1698 sic
421 1638 478 1699 hoc
500 1639 565 1697 loco
587 1646 621 1698 ut
639 1636 728 1696 bomo
753 1637 907 1696 Romanus
918 1635 1074 1714 palliatam
1103 1637 1199 1695 veteri
1221 1635 1393 1696 Atticorum
1416 1657 1529 1698 comoe-

183 1747 251 1807 diae
282 1763 386 1824 parem
421 1763 486 1803 esse
514 1741 709 1821 contendit1).
743 1762 805 1822 qua
836 1740 874 1799 de
906 1761 939 1799 re
970 1761 1093 1821 prorsus
1127 1742 1215 1801 aliter
1246 1737 1360 1801 iudicat
1387 1742 1532 1803 Horatius

35 1846 47 1883 ³·
69 1918 72 1921 ⁴
180 1854 217 1911 A.
233 1849 270 1911 P.
288 1849 351 1908 270
367 1868 433 1927 sqq.
442 1844 480 1929 ²).
505 1847 613 1906 multas
636 1855 738 1906 autem
759 1845 862 1905 Plauti
885 1844 1004 1905 fabulas
1025 1844 1181 1907 Ciceronis
1202 1855 1338 1926 tempore
1360 1846 1412 1907 vel
1438 1846 1533 1907 doctis

35 1930 40 1975 ἱ
179 1952 353 2013 hominibus
376 1953 474 2011 minus
497 1959 584 2011 notas
598 1952 699 2011 inisse
723 1971 762 2010 ex
785 1970 834 2029 ep.
860 1948 899 2009 ad
921 1951 992 2012 fam.
1015 1950 1112 2011 VIlII
1138 1954 1187 2024 16,
1212 1954 1232 2010 4
1255 1950 1376 2011 videtur
1399 1950 1536 2011 concludi

179 2080 277 2139 posse,
311 2058 363 2117 ubi
390 2056 567 2117 Ciceronem
599 2056 632 2115 in
667 2055 877 2115 eruditissimis
909 2054 1050 2115 habuisse
1083 2052 1211 2136 adparet
1242 2074 1303 2129 eos,
1338 2056 1391 2134 qui
1424 2056 1535 2115 Plauto

181 2164 286 2224 darent
318 2182 451 2242 operam.
482 2161 611 2222 fortasse
642 2160 749 2221 eodem
782 2161 861 2234 loco,
894 2180 1075 2241 quamquam
1107 2157 1146 2220 de
1174 2157 1281 2221 Servio
1312 2161 1447 2241 loquitur
1481 2156 1533 2242 (cf.

181 2290 212 2349 p.
238 2263 325 2353 246),
362 2267 530 2327 Varronem
563 2264 670 2324 habuit
702 2267 733 2324 in
757 2275 867 2339 mente,
902 2286 992 2345 quem
1022 2265 1141 2325 fabulas
1160 2264 1317 2324 Plautinas
1349 2266 1537 2325 recensuisse
1617 2322 1618 2353 ,

92 2449 97 2456 x
187 2374 297 2432 scimus
321 2373 368 2446 (ci.
385 2371 544 2432 Ritschclii
565 2371 689 2449 Parerg.
713 2390 743 2449 p.
767 2372 806 2428 73
830 2370 920 2451 sqq.).
944 2370 1063 2450 scripsit
1085 2371 1165 2430 enim
1188 2368 1293 2430 Oicero
1318 2368 1437 2450 rosseo
1459 2370 1538 2430 haec

185 2478 224 2537 ad
246 2478 288 2545 L„
305 2477 461 2555 Papirium
484 2476 625 2535 Paetum:
653 2474 715 2534 ‘sed
746 2484 847 2534 tamen
881 2476 947 2555 ipse
970 2472 1083 2535 Caesar
1116 2474 1208 2535 habet
1230 2494 1355 2555 peracre
1378 2474 1535 2550 iudicium,

187 2591 226 2655 et,
249 2590 281 2640 ut
304 2581 438 2653 Servius,
462 2581 555 2639 frater
569 2587 648 2655 tuus,
672 2600 763 2659 quem
779 2580 1027 2640 litteratissimum
1044 2582 1136 2640 fnisse
1155 2579 1266 2655 iudico,
1289 2580 1381 2641 facile
1405 2579 1539 2640 diceret:

184 2688 233 2745 hie
257 2706 362 2746 versus
385 2685 487 2744 Plauti
510 2705 570 2745 non
593 2693 648 2758 est,
670 2684 721 2743 bic
743 2681 809 2749 est.'

287 2792 336 2849 Ex
359 2789 470 2849 fabulis
493 2790 576 2869 ipsis,
607 2788 645 2848 ad
668 2810 743 2868 quas
765 2810 846 2850 nunc
870 2789 1020 2863 accedam,
1052 2788 1132 2849 haud
1165 2787 1229 2849 ulla
1251 2788 1406 2849 Ciceronis
1434 2798 1538 2849 aetate

183 2896 280 2974 magis
304 2893 426 2954 videtur
447 2902 518 2953 nota
540 2894 634 2953 fuisse
657 2914 748 2974 quam
771 2895 1014 2955 Trinummus.
1039 2894 1117 2954 hano
1140 2896 1220 2954 enim
1244 2915 1391 2977 persaepe
1406 2914 1539 2954 comme-

183 3009 278 3059 morat
294 2998 425 3059 'Oicero
463 2999 558 3059 veluti
591 2996 630 3057 de
660 3000 722 3061 inv.
746 3002 763 3057 Ι
790 3000 842 3072 50,
868 3000 908 3060 95
944 3000 1063 3058 initium
1096 2997 1194 3059 adfert
1226 2999 1315 3060 buius
1345 2998 1471 3059 fabulae
1507 3007 1545 3058 ut

185 3105 356 3185 exemplum
378 3104 513 3163 infirmae
535 3103 673 3163 rationis:
697 3108 760 3162 ‘aut
782 3105 806 3162 si
830 3105 950 3162 infirma
973 3100 1063 3185 (ratio
1087 3099 1252 3187 reddetur),
1276 3114 1309 3163 ut
1333 3104 1472 3164 Plautus:

511 3220 626 3273 amicum
645 3219 779 3288 castigdre
798 3223 833 3274 ob
852 3225 974 3273 meritam
992 3222 1102 3273 ndxiam

513 3308 665 3361 inmodnest
682 3310 797 3374 facinus,
814 3309 909 3361 uirum
927 3311 956 3359 in
975 3315 1065 3362 aetate
1084 3309 1150 3361 titiis

515 3403 543 3448 et
560 3396 740 3448 cdnducibile.
760 3397 822 3448 naim
843 3414 891 3463 ego
911 3399 1025 3448 amicum
1047 3396 1126 3449 hodie
1145 3414 1233 3449 meum

515 3482 703 3550 concastigabo
723 3483 769 3550 prd
789 3487 935 3535 conmerita
953 3483 1042 3535 ndxia‘
1062 3485 1085 3551 (Ι
1106 3488 1127 3549 1,
1148 3488 1162 3536 1
1181 3485 1263 3553 sqq.);

189 3615 248 3675 qua
272 3594 302 3653 in
325 3613 358 3652 re
382 3592 557 3653 Ciceronem
585 3593 693 3652 falsum
726 3611 790 3651 esse
813 3592 887 3651 Brix
919 3592 958 3652 ad
989 3592 1020 3657 b.
1043 3593 1064 3654 l.
1088 3593 1242 3653 luculente
1275 3592 1414 3654 ostendit.
1448 3612 1551 3671 porro
1613 3590 1614 3625 ³

186 3721 224 3759 ex
257 3698 394 3757 omnibus
428 3699 492 3757 fere
525 3696 614 3756 huius
650 3696 773 3757 fabulae
804 3697 940 3777 partibus
974 3705 1079 3757 extant
1107 3697 1187 3778 apud
1212 3698 1348 3757 Tullium
1378 3695 1551 3755 versiculi:

188 3827 205 3865 e
229 3823 338 3863 scaena
362 3799 476 3886 (112),
507 3822 566 3881 qua
589 3801 738 3862 Lusiteles
760 3803 933 3863 Philtonem
956 3813 1072 3884 patrem
1103 3812 1169 3861 orat
1206 3811 1298 3882 atque
1321 3800 1472 3883 obsecrat,
1516 3810 1554 3860 ut

190 3912 256 3973 sine
287 3909 357 3968 dote
388 3907 445 3968 sibi
477 3908 567 3966 liceat
594 3906 703 3967 ducere
731 3928 854 3968 uxorem
882 3908 1043 3969 Lesbonici
1068 3908 1156 3967 amici
1179 3928 1320 3983 sororem,
1355 3908 1475 3988 petitus
1500 3917 1555 3967 est
1612 3924 1613 3975 j

292 4049 311 4113 1)
332 4046 372 4099 cf.
391 4047 502 4098 Lorsna.
522 4047 550 4096 in
568 4046 652 4113 praef.
670 4047 788 4099 Mostell.
806 4064 833 4112 p.
851 4048 894 4097 32.

292 4132 312 4201 ²)
516 4133 550 4182 At
567 4133 650 4183 vestri
668 4135 762 4199 proavi
780 4134 922 4184 Plautinos
941 4139 967 4183 et
985 4148 1111 4183 numeros
1130 4138 1157 4183 et

515 4219 672 4283 laudavere,
691 4219 762 4271 sales
780 4221 891 4271 nimium
909 4221 1043 4285 patienter
1061 4224 1212 4286 utrumque,

516 4322 551 4357 ne
569 4306 657 4357 dicam
675 4308 766 4370 stulte,
785 4308 884 4370 mirati,
904 4307 1025 4357 simodo
1045 4322 1095 4372 ego
1115 4311 1142 4356 et
1159 4321 1209 4357 vos

517 4396 615 4445 scimus
633 4394 794 4445 inurbanum
813 4395 904 4460 lepido
923 4409 1055 4460 seponere
1074 4394 1145 4445 dicto

517 4480 720 4547 legitimumque
739 4498 835 4532 sonum
855 4482 946 4547 digitis
965 4480 1093 4533 callemus
1114 4485 1142 4531 et
1160 4495 1233 4531 aure.
