3300 5059
175 218 234 277 136

173 408 286 487 saltari,
320 406 393 483 ,nisi
415 408 544 487 primam
572 405 708 487 rhythmi
734 406 843 484 legem,
876 405 934 468 huc
957 413 1002 466 eat
1023 404 1171 464 unitatem
1206 404 1358 465 variorum
1382 406 1526 484 temporis

176 512 381 587 articulorum,
404 511 520 572 violare
544 520 574 573 et
598 512 748 571 confusam
764 510 1010 590 inconditamque
1024 508 1213 590 syllabarum
1228 509 1440 589 prolationem,
1463 530 1527 590 qua

174 625 205 677 et
227 617 344 678 animus
367 625 398 677 et
420 623 518 676 motus
550 617 682 695 corporis
716 612 902 675 disturbetur
931 615 1029 693 magis
1058 634 1148 694 quam
1180 622 1314 694 regatur,
1349 614 1526 695 rhythmum

174 721 362 783 contenderis
378 721 458 783 esre'
476 718 521 805 (p.
541 718 628 803 105).
644 740 735 800 quam
750 718 789 780 ob
803 740 869 781 rem
885 721 943 779 iam
961 720 1023 780 alia
1034 720 1085 780 via
1099 739 1184 799 naus,
1200 719 1366 801 atqueilla,
1384 740 1444 800 qua
1453 720 1526 780 olim

174 828 326 907 ingressus
342 834 406 888 erat
429 846 496 886 oum
518 824 631 907 Apelio
654 825 833 907 Vossioque,
854 825 1012 905 aequalem
1026 845 1083 904 per
1101 824 1234 899 diversas
1250 826 1368 905 species
1390 826 1526 907 rhythmi

176 931 354 995 divisionem
369 930 539 992 vindicavit
553 930 706 991 veteribus
720 931 753 990 in
769 930 841 990 libri
855 930 882 990 Ι.
899 931 999 1011 capite
1019 930 1143 1004 XVIII,
1167 931 1215 990 cui
1232 931 1353 991 titulum
1369 932 1525 1012 praefixit:

168 1036 212 1107 ¹de
226 1037 459 1117 rhythmopoeia
474 1037 615 1117 aequales
630 1044 799 1117 temporum
816 1034 979 1097 divisiones
994 1055 1050 1115 per
1064 1034 1200 1096 diversos
1212 1055 1351 1097 numeros
1366 1038 1525 1099 effectrice.

175 1143 255 1225 quod
270 1152 360 1225 caput
372 1163 445 1204 sane
460 1142 584 1204 maximi
600 1150 646 1201 est
664 1143 808 1202 momenti
823 1141 862 1201 ad
877 1140 1026 1203 Boeckhii
1041 1143 1174 1202 rationes
1189 1150 1270 1202 recte
1292 1142 1524 1221 intellegendas.

176 1250 288 1309 etenim
298 1268 366 1308 cum
376 1250 536 1308 eveterum
545 1255 608 1306 tum
620 1248 882 1327 grammaticorum
891 1256 956 1307 tum
966 1247 1147 1307 musicorum
1156 1245 1318 1326 disciplina
1327 1246 1400 1307 duas
1410 1256 1528 1307 tantum

178 1352 252 1415 dicit
267 1372 332 1414 esse
347 1372 512 1425 mensuras,
530 1342 654 1430 longam
671 1359 702 1411 et
716 1350 849 1426 brevem,
873 1371 934 1410 non
949 1359 1042 1430 negat
1056 1349 1165 1411 breves
1179 1351 1249 1411 illas
1258 1352 1425 1432 longasque
1436 1371 1526 1431 posse

176 1459 277 1519 varias
288 1477 353 1519 esse
368 1477 433 1538 pro
448 1456 576 1517 ductus
588 1457 773 1517 varietate
789 1458 1001 1539 corrigensque
1017 1456 1146 1536 quodam
1160 1455 1260 1532 modo,
1278 1477 1356 1535 quae
1373 1454 1529 1518 demetria

174 1562 301 1644 Pindp.
311 1566 401 1644 19sq.
412 1570 599 1642 exposuerat,
607 1560 773 1641 quodhauc
781 1580 847 1621 rem
856 1562 917 1621 iam
933 1560 970 1621 ad
987 1559 1109 1620 ductum
1124 1561 1262 1635 referret,
1275 1562 1327 1641 qui
1341 1560 1529 1642 syllabarum

175 1667 414 1747 magnitudinem
428 1674 560 1727 mutaret
570 1674 710 1726 manente
726 1666 931 1746 proportione,
942 1667 1078 1726 triremos
1087 1686 1176 1727 sonos
1185 1664 1340 1727 veteribus
1354 1666 1436 1726 haud
1446 1676 1529 1727 recte
1638 1675 1640 1737 ξ

179 1771 366 1835 abiudicatos
388 1792 455 1833 esse
477 1772 543 1853 ipse
569 1772 700 1852 ingenue
723 1780 769 1832 est
797 1772 949 1832 confessus
963 1767 997 1853 ¹).
1026 1770 1134 1852 pedem
1158 1771 1251 1851 igitur
1272 1771 1337 1831 fieri
1352 1792 1390 1833 ex
1405 1771 1530 1831 trisema

178 1877 368 1957 longitudine
383 1885 414 1939 et
437 1896 610 1937 monosema
631 1875 717 1937 brevi
739 1878 880 1955 negavit;
905 1876 931 1937 si
952 1874 1054 1937 brevis
1069 1877 1108 1937 sit
1123 1895 1307 1951 monosema,
1327 1875 1448 1955 longam
1462 1896 1530 1937 esse

176 1982 333 2056 disemam,
351 1984 377 2042 si
392 1981 493 2042 brevis
509 1980 624 2041 disemo
638 1981 689 2041 vel
704 1982 828 2042 triscma
842 1981 896 2041 vel
910 1990 1081 2058 tetrasema,
1111 1981 1232 2061 longam
1248 2000 1313 2041 esse
1328 1989 1528 2055 tetrasemam,

178 2086 382 2159 hexasomam,
406 2094 597 2159 octasemam,
627 2086 652 2144 si
674 2085 776 2145 brevis
799 2106 901 2146 morae
924 2095 954 2147 et
977 2087 1118 2161 semissis,
1142 2087 1263 2165 longam
1286 2105 1352 2146 esse
1375 2087 1528 2146 trisemam
1638 2098 1640 2126 1

178 2189 343 2276 contendit,
360 2192 403 2251 ita
418 2198 453 2250 ut
468 2188 608 2271 syllabae
622 2189 724 2251 brevis
739 2190 779 2251 ad
793 2189 903 2270 longae
918 2192 1074 2271 proportio
1090 2210 1209 2272 semper
1223 2191 1328 2271 simpli
1349 2190 1388 2251 ad
1404 2189 1530 2271 duplum

177 2298 225 2357 sit.
256 2295 315 2356 hac
348 2296 441 2375 igitur
471 2296 589 2355 ratione
619 2303 737 2356 veteres
769 2316 831 2357 non
862 2296 984 2357 mutatis
1017 2296 1203 2376 syllabarum
1235 2295 1404 2357 rationibus
1422 2316 1528 2377 nsque
1638 2341 1640 2362 2

177 2399 308 2462 admisso
339 2401 449 2461 alienis
480 2400 556 2462 locis
588 2399 709 2461 silentio
731 2402 762 2460 in
787 2400 916 2462 diversis
937 2400 1072 2480 rhythmi
1094 2400 1256 2480 generibus
1278 2393 1436 2481 aequalem
1459 2421 1527 2461 con·
1638 2458 1640 2472 ἑ

177 2514 295 2567 secutos
318 2525 384 2568 esse
406 2507 589 2566 mensuram
619 2506 722 2585 itaque
743 2507 889 2565 creticum
912 2503 992 2565 inter
1012 2504 1165 2585 dipodiam
1190 2505 1373 2565 trochaicam
1395 2507 1527 2586 positum
1638 2488 1640 2515 ⁵

177 2610 237 2669 ium
258 2628 320 2669 non
343 2628 410 2668 curn
432 2606 543 2689 Apelio
567 2608 609 2669 ita
624 2608 815 2688 aequandum
840 2628 905 2669 esse
928 2607 1023 2686 duxit,
1047 2617 1082 2669 ut
1104 2608 1200 2668 altera
1221 2608 1296 2669 arsis
1320 2611 1353 2670 in
1376 2610 1528 2670 trisemam

179 2713 402 2788 extenderetur,
426 2712 479 2774 sed
501 2722 535 2773 ut
558 2734 616 2794 ope
639 2734 748 2793 agogen
773 2723 806 2775 et
829 2714 942 2794 longa
971 2724 1006 2775 et
1027 2713 1153 2775 brevia
1176 2715 1281 2774 cretici
1304 2715 1422 2794 longior
1442 2716 1529 2775 fieret
1638 2769 1639 2782 ζ

337 2820 410 2878 :6
427 2827 595 2898 temporum
617 2838 733 2879 morae:
756 2826 790 2863 Α
858 2823 1002 2902 '—=6).
1041 2820 1228 2881 choriambos
1260 2829 1370 2896 autem,
1403 2822 1429 2881 si
1463 2822 1529 2882 veri

756 2844 894 2921 2¹tf¹i2¹t

179 2926 239 2985 sint
254 2920 428 2997 choriambi,
443 2923 536 2982 ternis
552 2921 678 2982 duorum
694 2932 863 3004 temporum
877 2924 1075 3004 procedentes
1091 2924 1244 3004 gradibus,
1261 2946 1316 3006 per
1331 2945 1364 2987 se
1381 2927 1527 3006 aequales
1638 2965 1640 2986 .

180 3049 246 3089 esse
262 3027 403 3109 dipodius
418 3025 599 3103 trochaicae,
623 3030 649 3088 si
672 3048 745 3089 vero
767 3050 822 3109 pro
846 3029 1004 3111 dactylicis
1027 3029 1162 3091 dimetria
1184 3032 1253 3106 sint,
1277 3043 1345 3112 post
1362 3031 1525 3094 catalexim
1638 3026 1640 3101 ἓ

180 3133 321 3214 suppleta
343 3131 492 3212 prostheri
515 3131 689 3211 aequandos
722 3132 890 3213 dactylicis.
923 3134 977 3195 sed
1009 3156 1075 3195 cum
1106 3156 1144 3196 ne
1166 3137 1231 3216 ipse
1255 3136 1377 3216 quidem
1400 3136 1529 3197 Boeckh

180 3238 316 3298 adfirmet
338 3236 472 3316 rhythmi
496 3236 644 3296 unitatem
668 3256 780 3320 agogas
803 3258 861 3317 ope
887 3238 968 3299 huno
999 3241 1031 3299 in
1063 3240 1184 3300 modum
1216 3242 1341 3302 ubivis
1372 3250 1528 3301 servatam

178 3361 253 3417 esse,
278 3350 310 3401 et
330 3360 432 3401 rursus
454 3340 567 3400 arsium
590 3341 755 3401 conlisione
777 3351 896 3402 veteres
919 3344 1050 3405 maxime
1075 3344 1236 3406 delectatos
1262 3367 1327 3407 esse
1351 3368 1413 3407 non
1433 3349 1532 3427 possit

179 3466 239 3505 non
262 3442 436 3519 concedere,
460 3455 614 3524 tamquam
629 3444 735 3505 ultimo
756 3446 873 3525 refugio
896 3448 990 3508 utitur
1012 3449 1256 3529 arrhythmia,
1274 3471 1351 3530 quae
1367 3452 1530 3512 vehemen·
1638 3476 1640 3481 ·

178 3550 293 3610 tissima
325 3549 435 3609 areium
469 3549 634 3610 conlisione
665 3550 757 3610 animi
789 3553 928 3612 concitati
956 3553 1094 3614 affectum
1122 3557 1277 3635 aptissime
1308 3558 1491 3636 expresserit
1502 3556 1529 3639 ²)
1638 3564 1640 3579 *

181 3650 225 3739 (p.
242 3650 309 3737 80).
333 3662 363 3714 et
385 3654 461 3714 haec
484 3654 606 3735 quidem
628 3656 739 3716 arsiam
763 3659 918 3718 concursio
940 3659 971 3719 in
994 3658 1136 3739 rhythmo
1159 3660 1281 3721 videtur
1303 3662 1332 3721 ei
1353 3660 1434 3720 idem
1451 3680 1529 3737 esse,
1638 3650 1640 3664 '

183 3755 265 3839 quod
287 3758 320 3818 in
342 3758 496 3819 harmonia
520 3769 565 3821 est
587 3759 781 3837 dissonantia,
812 3762 937 3823 horest
958 3784 1100 3824 sonorum
1123 3785 1183 3824 non
1206 3768 1435 3825 consonantium
1457 3787 1529 3828 con·

180 3863 305 3925 iunctio.
344 3864 410 3944 ipse
446 3884 519 3925 vero
556 3864 645 3927 huius
684 3866 840 3927 doctrinae
880 3868 1125 3948 probabilitatem
1163 3871 1352 3949 aliquatenus
1389 3872 1525 3951 infregit,

182 3966 425 4053 quandoquidem
447 3989 635 4031 numerosam
659 3992 720 4031 non
743 3991 809 4032 esse
824 3971 903 4031 hano
927 3976 1037 4033 arsiam
1053 3970 1258 4056 [conlisionem
1283 3977 1395 4055 optime
1420 3978 1528 4038 sensit:

181 4082 368 4156 quapropter
390 4072 577 4155 rhythmicos
600 4096 720 4155 quoque
743 4078 796 4149 ait,
830 4078 1084 4157 quemadmodum
1107 4078 1323 4141 dissonantiam
1345 4091 1532 4163 praeparent

183 4201 219 4240 ac
241 4179 362 4241 solvant
385 4180 583 4259 melopoetae,
616 4180 734 4241 diluere
765 4192 794 4243 et
828 4183 987 4243 obscurare
1015 4185 1118 4245 solitos
1146 4205 1211 4245 esse
1234 4177 1451 4265 arrhythmiam
1477 4197 1532 4247 aut

221 4336 224 4338 ’
269 4335 288 4402 ¹)
308 4336 348 4387 ct.
368 4336 621 4387 commentationem
640 4336 686 4401 ,de
704 4337 793 4388 Doriis
812 4338 942 4403 epitritia’
955 4340 984 4389 in
996 4340 1133 4405 prooemio
1144 4342 1277 4390 semestris
1297 4342 1393 4391 aestivi
1412 4342 1532 4403 a.1825,
1638 4356 1640 4412 g

182 4438 255 4473 nunc
273 4425 401 4475 insertam
419 4422 521 4489 Opusc.
539 4422 599 4474 Vol.
617 4422 664 4475 IV.
687 4424 764 4490 Lips.
782 4426 860 4490 1874,
878 4441 904 4477 v.
923 4444 950 4493 p.
968 4428 1019 4477 218
1038 4426 1100 4479 adn.
1119 4430 1144 4478 2.
1177 4473 1180 4477 a

270 4503 1530 4581 ²)Neverbameapraveintellegautur,loeoillonondaversibnsdochmiacisagidiaertedico.
