3300 5059
1400 280 1462 341 297

222 476 288 537 Ia‘m
320 494 393 535 vero
416 495 479 534 rem
501 472 638 535 breviter
661 474 928 553 comprehendam:
953 482 1022 535 sunt
1044 473 1189 553 igiturex
1211 474 1336 533 Pacuvii
1354 474 1463 534 fabulis

120 580 224 643 inserti
256 581 373 662 scriptis
396 578 603 642 Ciceronianis
638 589 741 637 versus
763 578 840 639 LXI
872 578 925 661 (·†›
949 576 1042 663 XX);
1075 581 1170 660 ipsius
1201 579 1250 639 vel
1277 578 1380 639 'etiam
1401 578 1464 640 sius

120 687 289 748 fabularum
312 687 424 747 mentio
447 687 482 746 fit
499 686 575 747 locis
596 686 660 745 fere
682 684 886 746 XXXVIIII.
911 688 1001 765 atque
1025 706 1063 745 ex
1085 686 1141 761 his,
1166 705 1243 766 quae
1267 684 1403 758 disserui,
1432 684 1462 745 in

117 792 274 873 propatulo
299 800 344 852 est
359 791 534 852 Ciceronem
558 792 656 851 minus
679 811 802 873 operam
824 790 944 851 dedisse
965 792 1089 852 Pacuvii
1112 791 1222 852 fabulis
1245 808 1336 871 quam
1359 790 1462 851 Ennii.

119 918 301 977 quamquam
325 898 406 960 euim
428 899 598 979 permultae
621 918 637 957 e
661 897 827 977 tragoediis
850 897 1032 957 Pacuuianis
1055 905 1155 957 aetate
1178 897 1234 956 illa
1255 916 1369 955 summo
1397 916 1464 953 cum

116 1005 227 1083 plausu
250 1012 320 1064 sunt
342 1012 427 1064 actae
450 1002 618 1083 Ciceroque
641 1004 707 1085 ipse
718 1004 885 1063 Pacuvium
901 1002 974 1063 dicit
996 1023 1146 1062 summum
1169 1011 1291 1082 poetam
1307 1001 1464 1078 tragicum,

115 1121 216 1169 tamen
240 1108 376 1169 videmus
398 1109 451 1168 vix
473 1110 594 1168 tertiam
617 1119 735 1189 partem
757 1109 839 1168 illius
871 1128 1011 1169 versuum
1036 1109 1161 1183 numeri,
1186 1128 1276 1188 quem
1309 1108 1352 1165 in'
1372 1106 1465 1165 Ennii

115 1212 251 1273 versibus
274 1213 312 1273 ab
336 1232 372 1273 eo
395 1212 539 1273 adhibitis
562 1214 730 1288 statuimus,
755 1234 794 1273 ex
817 1212 929 1273 fabulis
945 1214 1128 1273 Pacuvianis
1152 1212 1231 1293 apud
1255 1232 1323 1271 eum
1348 1219 1461 1270 extare.

115 1326 224 1398 nempe
247 1315 352 1377 Cicero
377 1317 565 1397 aliquantum
587 1317 747 1377 offendisse
776 1338 813 1377 ec
837 1317 968 1391 videtur,
1016 1318 1097 1398 quod
1124 1318 1280 1378 Pacuvius·
1301 1337 1360 1376 non
1394 1335 1464 1375 usus

115 1433 196 1483 esset
218 1422 371 1484 latinitate
392 1443 470 1503 pura
492 1431 523 1483 et
546 1424 701 1502 castigata.
726 1427 807 1503 quae
827 1419 1019 1484 ratiocinatio
1050 1425 1141 1484 etiam
1164 1421 1373 1503 comprobatur
1405 1418 1465 1479 alia

117 1548 159 1591 re.
183 1548 315 1608 namque
337 1548 439 1609 parem
464 1527 652 1608 eandemque
674 1531 823 1588 rationem
847 1530 937 1588 etiam
969 1528 1228 1611 deprehendemus
1259 1530 1289 1587 in
1313 1526 1465 1587 Ciceronis

117 1632 242 1714 Caecilii
274 1633 390 1695 studiis.
424 1643 454 1694 at
488 1642 587 1693 tamen
619 1633 703 1693 nullo
734 1642 824 1716 pacto
855 1643 956 1714 potest
986 1634 1126 1695 contendi
1148 1633 1283 1693 Tullium
1316 1647 1377 1692 non
1399 1650 1465 1690 esse

117 1738 299 1800 delectatum
321 1739 448 1799 Pacuvii
478 1738 641 1819 tragoediis
663 1722 814 1819 srrt'prae
844 1740 988 1799 sermonis
1012 1737 1064 1797 illa
1088 1738 1262 1798 condicione
1294 1757 1354 1799 uon
1377 1735 1464 1795 intel·

116 1843 228 1903 lexisso
251 1863 354 1903 earum
376 1843 630 1925 pulchritudinem
655 1852 748 1925 atque
770 1845 960 1923 gravitatem.

222 1948 280 2008 Sed
297 1969 377 2009 nuno
392 1947 430 2008 ad
445 1951 632 2029 propositum
642 1948 829 2009 redeundum
839 1958 930 2030 atque
940 1949 1108 2030 deAc'cio,
1119 1950 1207 2009 tertio
1223 1947 1275 2008 illo
1286 1946 1467 2025 tragicorum

115 2056 319 2114 Romanorum
341 2054 489 2134 principe,
514 2054 664 2132 agendum
687 2062 742 2129 est,
767 2054 820 2134 qui
844 2074 1026 2135 quamquam
1042 2053 1170 2114 eandem
1184 2054 1248 2113 fere
1264 2072 1299 2112 ac
1314 2051 1466 2111 Pacuvius

116 2160 148 2218 iu
170 2158 279 2219 fabulis
302 2160 364 2219 suis
387 2160 521 2219 servavit
545 2158 684 2218 dictionis
707 2160 928 2239 antiquitatem,
953 2168 1053 2220 tamen
1078 2157 1253 2239 diligentius
1277 2178 1296 2217 a
1320 2154 1465 2217 Cicerone

116 2263 238 2323 videtur
262 2283 326 2324 esse
347 2264 507 2339 lectitatus‚
534 2265 600 2324 sive
624 2264 705 2343 quod
727 2263 849 2325 fabulae
868 2266 931 2325 eius
950 2274 983 2325 ut
1001 2266 1174 2325 recentioris
1193 2262 1337 2343 temporis
1357 2269 1467 2341 poetae

117 2370 237 2448 saepius
268 2369 299 2428 in
324 2388 432 2428 scaena
460 2378 545 2429 setae
572 2389 681 2429 noram
712 2367 901 2450 praebebant
931 2371 1127 2451 voluptatem,
1160 2370 1225 2428 sive
1257 2366 1338 2449 quod
1360 2365 1466 2427 Cicero

117 2472 244 2533 Accium
259 2475 359 2554 ipsum
382 2474 467 2533 annis
484 2474 544 2533 iam
559 2482 733 2553 proveetum
749 2474 828 2535 vidit
851 2494 947 2554 eoque
966 2476 1155 2535 familiariter
1169 2494 1240 2535 usus
1256 2492 1321 2533 esse
1336 2471 1465 2531 videtur.

117 2599 177 2657 qua
198 2598 232 2638 ro
253 2578 318 2637 lieri
341 2587 469 2658 poterat,
492 2588 526 2637 ut
543 2577 648 2639 Cicero
671 2580 783 2639 maiore
800 2579 1010 2640 incenderetur
1027 2579 1125 2640 studio
1142 2581 1173 2639 iu
1190 2578 1352 2659 egregium,
1376 2596 1465 2656 quem

116 2683 184 2761 ipse
206 2691 342 2758 noverat,
365 2693 496 2764 poetam,
520 2683 580 2743 buo
602 2682 728 2756 aceedit,
753 2682 834 2763 quod
859 2683 969 2744 Accius
992 2695 1073 2744 certe
1096 2704 1156 2745 non
1179 2685 1303 2763 ignarus
1324 2682 1383 2741 fnit
1405 2700 1466 2741 ser-

117 2789 214 2847 monis
235 2788 313 2868 puri,
343 2789 457 2869 quippe
486 2789 538 2868 qui
560 2788 692 2848 animum
717 2787 898 2849 advertisset
921 2789 959 2848 ad
982 2810 1029 2849 res
1053 2789 1199 2870 quasdam
1222 2786 1433 2868 grammaticas
1443 2781 1466 2866 ¹)

118 2902 150 2951 et
171 2892 303 2973 priscum
336 2892 422 2952 illum
460 2913 628 2954 sermonem
660 2896 691 2953 in
715 2892 825 2953 fabulis
863 2895 925 2954 suis
947 2894 1071 2955 retinuit
1103 2914 1215 2954 morem
1239 2893 1324 2973 quasi
1357 2910 1465 2969 gerens

116 2999 249 3075 tragicae
272 3017 361 3078 quam
386 3006 545 3079 acceperat
566 2997 699 3058 dictioni.
730 2998 801 3080 quid
825 2998 908 3079 quod
930 2996 1036 3059 Cicero
1059 3001 1090 3059 iu
1115 2997 1310 3060 aestimandis
1334 3015 1464 3078 quorun·

117 3102 188 3161 darn
214 3111 364 3162 oratorum
391 3101 584 3163 facultatibus
607 3104 816 3163 auctoritatem
840 3104 976 3183 sequitur
1001 3103 1165 3165 Accianum
1189 3105 1275 3165 Brut.
1305 3104 1355 3176 28,
1388 3101 1466 3160 107:

118 3212 230 3267 ‘vester
262 3207 352 3266 etiam
386 3207 428 3271 D.
453 3206 571 3280 Brutus,
603 3208 643 3266 M.
667 3207 757 3281 filius,
794 3218 827 3266 ut
860 3228 898 3268 ex
927 3208 1069 3267 familiari
1102 3209 1165 3268 eius
1189 3207 1224 3265 L.
1250 3206 1343 3266 Aonio
1375 3212 1467 3284 poeta

116 3331 183 3370 sum
206 3310 312 3370 andire
334 3311 438 3372 solitus
462 3320 491 3371 et
514 3311 614 3371 dicere
637 3333 696 3372 non
712 3312 826 3372 inculte
841 3313 969 3389 solebat,
994 3322 1024 3373 et
1040 3322 1105 3374 erat
1125 3334 1193 3373 cum
1214 3312 1321 3372 litteris
1336 3309 1466 3382 Latinis,

116 3425 182 3475 tum
204 3416 295 3475 etiam
319 3414 444 3475 Graecis
467 3426 499 3474 ut
518 3416 704 3496 temporibus
726 3417 798 3491 illis,
823 3418 968 3479 eruditus.
987 3437 1067 3497 quae
1089 3416 1241 3477 tribuebat
1262 3415 1344 3475 idem
1357 3415 1468 3473 Accius

118 3521 210 3580 etiam
234 3518 272 3594 Q.
296 3520 449 3585 Maximo’.
473 3531 564 3602 atque
596 3543 663 3584 eam
694 3525 772 3583 iuter
794 3524 922 3584 Accium
954 3534 985 3584 et
1006 3526 1045 3586 D.
1070 3526 1196 3584 Brutum
1230 3522 1466 3582 familiaritatem

118 3625 239 3705 attingit
261 3624 366 3686 Cicero
390 3626 506 3687 duobus
530 3627 598 3689 aliis
620 3613 708 3688 locis:⁵
734 3648 790 3708 pro
814 3628 905 3691 Arch.
928 3651 959 3711 p.
987 3632 1038 3704 11,
1063 3631 1104 3689 27
1137 3629 1187 3690 ⁴1).
1211 3628 1333 3709 quidem
1357 3628 1467 3685 Brutus

118 3751 251 3791 summus
278 3731 325 3791 vir
357 3739 388 3791 et
418 3730 609 3812 imperator²)
643 3730 739 3805 Accii,
775 3735 947 3793 amicissimi
979 3736 1035 3815 sui,
1069 3733 1248 3793 carminibus
1288 3732 1468 3812 templorum

119 3855 156 3896 ae
178 3844 440 3895 monumentorum
463 3834 561 3894 aditus
585 3838 744 3895 exornavit
766 3835 941 3922 suorum’3),
967 3846 997 3898 et
1019 3837 1056 3897 de
1071 3838 1152 3919 legg.
1168 3839 1202 3898 II
1218 3841 1268 3913 21,
1287 3838 1327 3896 54
1342 3836 1468 3895 Accium

119 3938 193 3999 dicit
227 3940 459 4019 perfamiliarem
493 3941 533 4017 D.
565 3941 661 4001 Bruti.
694 3940 732 4001 de
762 3944 883 4022 poetica
914 3950 1013 4002 antem
1046 3944 1131 4002 Aoeii
1169 3942 1315 4021 dignitate
1353 3939 1469 3999 nullum

119 4044 253 4104 adfertur
285 4064 304 4104 a
340 4043 485 4105 Cicerone
521 4044 675 4118 iudicium,
723 4046 782 4105 nisi
830 4046 910 4125 quod
948 4045 985 4105 de
1023 4067 1066 4105 or.
1105 4047 1154 4106 Ill
1198 4049 1227 4118 7,
1277 4048 1317 4104 27
1356 4043 1469 4103 Accius

120 4148 253 4228 quodam
277 4147 364 4208 modo
388 4169 456 4209 eum
480 4147 627 4229 Euripide
651 4159 852 4229 comparatur,
876 4150 975 4225 eredo,
1000 4150 1080 4231 qnod
1112 4159 1240 4231 uterque
1263 4150 1386 4210 ultimus
1410 4149 1468 4208 fuit

225 4322 244 4385 ¹)
264 4322 305 4372 Cf.
323 4322 390 4375 Mar.
409 4321 477 4373 Vict.
497 4320 614 4374 (immm.
632 4322 693 4373 Lat.
712 4323 793 4386 v18‚
813 4326 843 4375 11
870 4322 912 4387 K„
931 4323 1035 4375 thsehl
1055 4324 1154 4389 Opnsc.
1173 4323 1227 4373 1111
1246 4325 1305 4374 14⁶2.
1327 4325 1386 4372 153.
1409 4322 1469 4371 361.

118 4410 180 4460 492.
198 4410 258 4459 687.
830 4408 834 4415 ’

223 4493 245 4560 ²)
264 4494 305 4546 Cf.
325 4494 393 4546 vell.
412 4494 469 4546 Pat.
488 4495 514 4544 11
533 4498 558 4559 5,
576 4496 726 4547 Mommsen
746 4498 814 4549 Hist.
833 4498 922 4549 Rom.⁷
941 4499 968 4548 11
985 4516 1011 4565 p.
1031 4500 1062 4549 rt
1082 4514 1121 4564 sq.
1142 4500 1200 4549 122.
1220 4500 1278 4551 loe.

225 4580 248 4650 ³)
267 4580 307 4634 Cf.
325 4582 394 4634 Plin.
412 4580 445 4633 N.
464 4582 498 4632 H.
517 4583 631 4635 XXXVI
648 4587 676 4650 5,
694 4586 736 4635 26.
