3300 5059
217 225 256 283 58

218 425 324 474 veatur
355 413 506 494 spondeus
538 409 627 490 pedis
660 412 767 488 quarti,
802 409 834 466 id
868 409 947 488 quod
979 409 1140 489 utrobique
1171 411 1323 470 leuissima
1356 411 1443 469 effici
1483 421 1597 491 potes

213 521 430 579 immutatione.
454 519 484 576 in
511 517 610 596 priore
634 515 714 573 enim
731 535 821 574 versu
845 513 866 575 ἁ
887 515 1036 597 χίμαρος·
1059 515 1182 599 χιμάρςο
1205 515 1241 578 δέ
1264 515 1363 578 καλὸν
1384 523 1491 599 κρῆς,
1521 514 1597 578 ἔστ.

215 628 243 688 κ’
260 620 393 707 ἀμέλξῃς
415 623 515 701 agitur
539 621 696 680 deforma
719 626 809 702 κρῆς,
832 639 922 697 quam
943 620 1123 680 Theocritus
1146 621 1220 680 alibi
1241 642 1408 702 numquam
1434 622 1589 680 admisit

213 730 374 808 singularis
397 748 469 787 vero
493 745 636 786 numerus
663 723 799 784 eiusdem
823 724 907 784 vocis
931 723 1047 785 duobus
1070 725 1137 785 aliis
1160 726 1235 787 locis
1257 726 1380 804 legitur:
1405 727 1437 786 V
1459 729 1537 786 140
1564 735 1598 786 et

213 833 263 896 IX
288 825 338 908 25,
372 853 499 913 quorum
535 839 662 909 utroque
695 837 779 889 extat
811 830 906 888 forma
939 830 1036 889 soluta
1062 830 1167 913 κρέας,
1200 851 1236 890 ac
1261 832 1362 912 priore
1390 831 1532 911 quidem
1562 834 1598 891 in

214 938 318 998 eadem
343 936 508 997 hexametri
523 935 594 994 sede
610 943 701 1013 atque
717 935 747 991 in
763 954 791 992 v.
824 930 893 1009 163
926 932 1069 1012 leguntur
1084 934 1164 995 enirn
1180 955 1208 993 v.
1234 934 1262 994 V
1286 937 1349 994 140
1371 935 1473 995 haec:
1513 946 1598 1010 ταῖς

213 1045 370 1124 Νύμφαις
392 1042 555 1123 Μόρσωνι
577 1039 676 1101 καλὸν
699 1039 794 1122 κρέας
816 1039 932 1101 αὐτίκα
954 1039 1092 1120 πέμψον.
1122 1060 1199 1118 quae
1223 1060 1291 1099 cum
1313 1041 1356 1101 ita
1373 1041 1446 1116 sint,
1477 1061 1596 1100 errare

182 1129 183 1134 ἵ
213 1147 363 1220 videntur,
407 1147 458 1226 qui
499 1145 595 1204 veluti
631 1143 788 1202 Fritcsche
825 1143 968 1203 librorum
1008 1165 1099 1202 manu
1141 1145 1242 1225 script.
1284 1147 1452 1206 lectionem
1500 1155 1593 1229 κρῆς

214 1250 388 1324 defendunt,
404 1270 507 1330 neque
525 1249 649 1310 dubium
663 1268 728 1308 esse
744 1257 853 1328 potest,
879 1251 952 1329 quin
968 1251 999 1307 in
1015 1249 1072 1309 hoc
1087 1270 1208 1329 quoquc
1231 1272 1322 1310 versu
1344 1252 1451 1312 soluta
1476 1253 1589 1310 forma

214 1358 311 1441 κρέας
337 1355 529 1416 restituenda
551 1355 627 1428 sit1).
660 1373 750 1413 versu
773 1363 873 1428 autem
897 1350 946 1416 IX
974 1358 1011 1416 19
1035 1354 1071 1417 έν
1093 1357 1172 1440 πυρὶ
1195 1356 1231 1419 δέ
1253 1356 1375 1442 hovium
1396 1357 1501 1440 χόρια
1527 1358 1588 1434 ζεῖ,

214 1461 249 1525 ἐν
271 1463 351 1545 πυρὶ
373 1462 400 1524 δ’
414 1457 491 1524 αὖαι
513 1482 575 1520 non
592 1460 690 1520 solum
707 1458 841 1538 spondeo
857 1460 944 1539 pedis
963 1461 1061 1539 quarti
1077 1459 1131 1520 sed
1149 1463 1239 1520 etism
1255 1461 1350 1536 hiatu,
1375 1461 1425 1522 cui
1441 1460 1585 1520 similem

214 1567 306 1626 alium
328 1566 409 1647 apud
432 1567 628 1626 Theocritum
662 1585 722 1624 non
750 1565 899 1641 invenies,
929 1565 1118 1626 offendimur.
1151 1565 1278 1647 adparet
1299 1587 1371 1627 vero
1395 1567 1493 1626 etiam
1519 1565 1583 1624 hoc

214 1671 279 1731 loco
306 1671 511 1752 recipiendam
534 1690 600 1730 esse
624 1653 750 1730 formhm
773 1669 904 1728 solutam
933 1670 993 1747 ζέει
1015 1670 1074 1728 iam
1098 1691 1115 1728 a
1139 1671 1292 1731 Bruuckio
1316 1670 1579 1741 commendatam,

218 1797 345 1856 quacum
375 1777 504 1836 conferri
527 1783 652 1855 possunt
675 1775 753 1834 aliae
776 1773 936 1834 verborum
963 1775 1087 1848 formae,
1120 1775 1205 1834 uelut
1227 1777 1256 1835 V
1280 1777 1321 1835 82
1345 1775 1462 1857 φιλέει,
1487 1773 1579 1838 VIII

215 1883 256 1943 54
278 1882 379 1946 θέειν.
1429 1954 1433 1960 .

301 1988 351 2045 Ex
374 1987 481 2046 ceteris
497 2005 603 2044 versus
626 1983 821 2044 incisionibus
842 1986 964 2044 maioris
986 1986 1129 2045 momenti
1145 1985 1421 2065 semiseptenariam
1437 1994 1574 2046 tantum·

218 2092 305 2153 modo
330 2112 395 2152 esse
418 2111 572 2151 caesuram
596 2100 626 2150 et
648 2091 887 2150 semiterrrariam
912 2100 1016 2150 notum
1039 2100 1095 2152 est.

301 2170 404 2276 Atque
435 2205 519 2276 post
547 2196 703 2255 alterius
732 2194 839 2274 pedis
867 2196 975 2254 arsim
997 2205 1044 2254 sat
1066 2197 1240 2274 frequenter
1263 2195 1344 2275 apud
1368 2196 1567 2255 Theocritum

213 2303 380 2361 hexametri
416 2301 597 2375 inciduntur,
639 2302 759 2380 saepius
795 2309 897 2360 tamen
936 2301 1088 2359 trochaica
1120 2301 1267 2361 incisione
1297 2301 1329 2358 in
1362 2300 1441 2380 pede
1472 2303 1563 2360 tertio

214 2406 394 2486 insequente
418 2427 506 2486 quam
530 2406 755 2484 semiquinaria.
785 2404 899 2464 habent
921 2406 1002 2464 enirn
1026 2425 1179 2464 caesuram
1203 2406 1454 2465 semiternariam:
1479 2410 1510 2480 a)
1535 2407 1566 2464 in

216 2512 310 2592 edyll.
328 2511 427 2571 bucol.
444 2533 494 2570 vv.
509 2509 678 2571 CCCXCII
700 2510 750 2570 vel
774 2504 895 2593 44·7()έ0
920 2508 1070 2585 (CLXIII
1095 2512 1274 2588 insequente
1297 2529 1374 2570 caes.
1393 2510 1562 2588 semiquin.,

215 2614 384 2675 CCXXIX
420 2619 599 2695 insequente
639 2636 716 2675 caes.
750 2615 833 2674 tertii
862 2614 950 2694 podis
985 2615 1107 2696 troch.);
1147 2620 1175 2690 t)
1209 2617 1240 2675 in
1272 2613 1366 2695 edyll.
1400 2615 1481 2674 mim.
1511 2637 1561 2675 vv.

216 2720 450 2780 CLXXXVIII
480 2721 531 2780 vel
569 2717 694 2800 42·4⁰s0
735 2723 875 2799 (quorum
907 2719 1080 2778 LXXXIII
1119 2721 1264 2780 incisione
1302 2720 1470 2798 semiquin.,
1508 2718 1561 2778 CV

216 2825 366 2885 trochaIca
390 2825 477 2906 podis
500 2827 580 2884 tertii
606 2834 674 2885 sunt
696 2823 853 2904 praediti);
879 2829 906 2899 c)
921 2825 952 2883 in
977 2823 1070 2903 edyll.
1088 2826 1182 2905 epicis
1206 2847 1258 2886 vv.
1276 2821 1560 2885 CCCCLXXXVII

216 2930 267 2990 vel
290 2928 416 3014 46·10s0
441 2927 610 3013 (LXXXII
632 2932 810 3008 insequente
834 2949 911 2989 caes.
935 2931 1104 3008 semiquin.,
1129 2927 1263 2989 CCCCV
1278 2930 1455 3006 insequente
1476 2928 1556 2988 ineis.

215 3035 302 3114 pedis
325 3037 406 3094 tertii
429 3035 552 3111 troch.);
577 3039 608 3106 d)
632 3036 662 3093 in
686 3033 779 3114 edyll.
802 3033 873 3093 dub.
893 3030 1073 3096 CXXVIII
1096 3035 1147 3092 vel
1172 3035 1245 3092 447
1259 3030 1297 3116 θέο
1324 3029 1368 3116 (in
1390 3029 1484 3094 XLII
1507 3053 1555 3090 vv.

215 3142 300 3200 incis.
324 3142 483 3219 semiquin.
505 3142 649 3218 sequitur,
674 3139 846 3198 LXXXVI
869 3138 1041 3198 inciduntur
1063 3148 1132 3219 post
1153 3139 1234 3198 tertii
1257 3137 1346 3218 pedis
1370 3137 1553 3211 trochaeum).

304 3246 412 3324 Neque
436 3244 640 3322 interpunctio
665 3242 721 3301 hac
744 3243 776 3300 in
800 3261 924 3302 caesura
947 3263 1014 3301 rara
1039 3251 1097 3318 est;
1123 3241 1345 3321 distinguuntur
1369 3243 1446 3302 enim
1466 3242 1553 3301 verba

215 3359 284 3430 post
299 3350 380 3408 tertii
397 3347 482 3427 pedis
499 3349 606 3406 araim:
630 3344 665 3430 a)
689 3349 720 3406 in
744 3366 786 3406 cc.
803 3347 902 3408 bucol.
918 3348 1079 3424 sexagiens
1103 3345 1179 3430 (XV
1201 3348 1275 3406 Iocis
1299 3348 1447 3426 graviore,
1470 3347 1552 3407 XLV

218 3455 252 3514 II.
275 3454 390 3514 leuiore
413 3448 684 3536 interpunct›i0ne);
709 3449 737 3534 b)
760 3452 792 3511 in
821 3473 863 3514 cc.
888 3453 969 3515 mim.
993 3453 1114 3512 triciens
1136 3452 1183 3514 bis
1206 3451 1252 3536 (in
1275 3474 1326 3513 vv.
1350 3453 1429 3512 XIV
1449 3454 1549 3532 interp.

217 3561 365 3638 graviore,
390 3560 421 3616 in
447 3579 494 3617 vv.
519 3555 636 3620 XVIII
660 3557 802 3640 leniore);
827 3555 853 3641 c)
876 3559 908 3616 in
925 3578 965 3616 cc.
991 3558 1068 3637 epic.
1097 3559 1290 3637 septuagiens
1314 3568 1419 3637 quater
1441 3555 1481 3642 (in
1502 3579 1548 3616 vv.

215 3663 297 3724 XIX
320 3664 466 3741 graviore,
491 3664 522 3721 in
546 3684 595 3722 vv.
620 3663 676 3722 LV
698 3663 813 3722 leniore
835 3662 973 3740 interp.);
997 3659 1030 3744 d)
1060 3663 1089 3720 in
1114 3682 1156 3721 cc.
1181 3661 1252 3721 dub.
1278 3661 1485 3722 duodevicies
1507 3660 1547 3744 (in

217 3789 269 3828 vv.
292 3769 338 3828 IV
361 3769 510 3846 graviore,
534 3768 565 3826 in
590 3790 639 3827 vv.
663 3767 743 3827 XIV
765 3767 881 3826 leniore
903 3763 1112 3849 interpunct.).

302 3871 485 3932 Caesurae
509 3873 839 3953 semiseptenariae
862 3891 933 3930 usus
957 3872 1038 3950 apud
1059 3871 1253 3931 Theocritum
1279 3881 1402 3952 propter
1423 3892 1545 3950 magnam

214 3978 370 4039 bucolicae
401 3979 555 4037 incisionis
587 3977 786 4056 frequentiam
814 3978 846 4035 in
874 3977 1048 4035 universum
1072 3976 1194 4055 quidem
1217 3975 1299 4036 haud
1321 3977 1364 4035 ita
1386 3977 1444 4035 late
1463 3986 1543 4056 patet.

215 4085 312 4143 maior
340 4085 419 4142 enim
448 4082 607 4141 auctoritas
636 4100 778 4141 caesurae
806 4088 874 4160 post
897 4081 986 4140 arsim
1009 4079 1095 4160 pedis
1118 4083 1216 4161 quarti
1239 4081 1270 4140 iu
1295 4084 1337 4140 eis
1359 4081 1542 4142 tantummodo

217 4209 284 4250 esse
313 4198 412 4269 potest
435 4187 581 4264 versibus,
615 4189 666 4266 qui
690 4186 827 4245 bucolica
850 4204 975 4245 caesura
999 4195 1114 4261 carent3
1148 4207 1218 4245 nam
1241 4188 1309 4247 finis
1333 4186 1474 4260 vocabuli,
1499 4188 1541 4265 qui

304 4430 322 4494 ¹)
342 4430 382 4479 Cf.
411 4432 489 4480 etiam
518 4431 598 4480 Laut.
617 4429 778 4480 Morsbachii
809 4431 860 4481 ‘De
889 4429 1003 4482 dialecto
1031 4428 1199 4482 Theocritea’
1225 4434 1291 4494 part.
1310 4429 1332 4491 Ι,
1359 4429 1462 4480 Bonuae
1477 4429 1539 4491 teti,

212 4533 237 4591 p.
256 4519 298 4567 66.
