3300 5059
127 440 265 501 faverent
293 448 324 500 et
359 441 496 502 omnibus
524 462 590 502 eam
629 441 787 523 explerent
813 440 910 506 bonis.
940 451 1009 502 sunt
1046 450 1145 501 autem
1173 444 1266 502 verba
1296 441 1387 500 baec:
1418 442 1476 502 ‘hic

13 612 15 616 ,
128 554 238 619 autern,
261 546 313 606 ubi
335 546 515 623 habitamus,
540 569 600 608 non
623 549 790 608 intermittit
812 569 865 609 suo
888 558 1021 628 tempore

197 700 300 753 caelum
319 706 459 769 nitescere,
477 704 587 757 drbores
604 704 784 770 frondescere,

197 787 268 841 uitis
285 790 418 844 laetificae
436 791 568 860 pdmptnis
586 790 745 866 pubescere,

197 877 266 930 rami
283 879 410 931 bacarum
429 879 552 933 obdrtete
570 880 765 945 incurudscere,

200 964 305 1031 segetes
322 967 416 1035 lsrgiri
433 967 532 1037 irriges,
550 971 646 1021 florere
664 969 763 1033 omnia,

199 1052 287 1106 tontes
305 1062 416 1121 scatere,
435 1057 524 1108 herbis
542 1055 618 1124 prsita
637 1054 818 1109 connestirier'
837 1057 899 1125 (inc.
910 1058 960 1109 inc.
971 1058 990 1109 f.
1003 1059 1044 1121 72,
1060 1058 1092 1109 cf.
1104 1056 1200 1109 Aesch.
1211 1059 1288 1108 Eum.
1300 1059 1350 1109 902
1361 1056 1439 1123 sqq.).

131 1204 223 1276 etque
246 1198 341 1259 altero
364 1199 430 1261 loco
454 1199 491 1260 de
514 1220 556 1260 or.
579 1202 630 1260 III
653 1203 704 1274 38,
737 1203 798 1261 154
825 1201 903 1262 illud
936 1204 1160 1263 ‘iucurvesccre'
1189 1209 1435 1261 commemoratur
1462 1220 1480 1258 a

130 1300 274 1363 Cicerone
306 1314 339 1363 ut
369 1304 540 1386 exemplum
571 1306 730 1367 verborum
763 1306 801 1365 ab
834 1308 934 1366 Ennio
966 1315 1146 1367 novatorum
1181 1304 1231 1391 (cf.
1260 1329 1290 1388 p.
1316 1303 1404 1389 263).
1442 1303 1479 1363 ed

131 1407 258 1467 eandem
306 1408 440 1470 fabulam
483 1412 636 1490 pertinere
683 1412 824 1472 videntur
871 1412 1021 1491 Apollinis
1068 1412 1174 1492 Pythii
1221 1411 1324 1486 verbs,
1372 1408 1480 1490 quibus

131 1512 181 1572 hic
212 1533 244 1573 se
281 1514 313 1573 in
351 1512 440 1576 rebus
478 1515 699 1577 difficilioribus
737 1516 894 1577 consilium
931 1515 1078 1595 praebere
1115 1514 1289 1596 petentibus
1326 1514 1482 1595 praedicat

131 1616 202 1696 (inc.
225 1620 247 1677 f.
268 1616 332 1703 19),
356 1640 435 1700 quae
456 1620 584 1700 legimus
608 1621 644 1681 de
676 1642 718 1682 or.
752 1622 843 1696 145,
871 1624 942 1696 119,
978 1620 1030 1681 ubi
1059 1619 1182 1681 Crassus
1217 1621 1370 1682 oraculum
1402 1618 1479 1680 illud

129 1722 315 1804 Delphicum
347 1735 499 1806 comperet
530 1747 597 1786 cum
630 1726 718 1786 domo
752 1726 826 1786 iuris
865 1712 1003 1800 consulti,
1042 1746 1119 1805 quse
1156 1727 1195 1785 sit
1226 1728 1317 1786 totius
1350 1726 1480 1785 civitatis

131 1828 296 1888 oraculum.
877 1826 879 1829 ’

235 1934 351 2008 Restat,
375 1944 409 1993 ut
431 1934 523 1994 verba
537 1954 787 2011 commemorem,
811 1956 891 2017 quse
914 1939 946 1996 in
967 1935 1072 1996 fabula
1094 1936 1197 2017 aliqua
1218 1970 1261 1980 -
1283 1937 1480 2015 nequeenim

132 2037 171 2097 de
194 2038 251 2098 bac
273 2042 346 2100 satis
370 2048 486 2100 constat
511 2076 548 2085 -
574 2040 686 2101 dixisse
709 2041 804 2101 fertur
819 2042 1047 2122 Neoptolemus,
1073 2040 1262 2122 quaeverba
1284 2042 1482 2121 perlongum

132 2144 275 2224 temporis
299 2146 429 2224 spatium
457 2146 488 2206 in
517 2146 650 2205 omnium
679 2166 730 2206 orc
751 2148 845 2206 fuisse
869 2146 1019 2207 videntur.
1066 2156 1148 2207 certe
1171 2148 1284 2226 optime
1307 2148 1351 2206 eis
1374 2146 1481 2206 Roma·

134 2268 240 2308 norum
267 2249 448 2328 exprimitur
475 2247 604 2332 indoles,
631 2251 726 2330 magis
749 2250 788 2309 cd
816 2250 898 2311 belle
921 2250 1053 2330 gerenda
1081 2250 1190 2311 idonea
1219 2249 1371 2331 quemad
1400 2260 1479 2310 artes

135 2350 289 2412 colendas.
312 2351 433 2414 induxit
456 2356 536 2414 enim
559 2355 676 2415 Ennius
699 2356 934 2437 Neoptolemum
956 2357 1032 2417 baec
1054 2358 1243 2437 loquentem:

184 2462 376 2532 ‘philosophari
394 2471 435 2517 est
452 2464 517 2517 mihi
535 2483 654 2530 necesse,
673 2473 702 2519 at
719 2467 825 2533 paucis:
845 2483 907 2519 narn
926 2470 1034 2519 omnino
1054 2468 1125 2520 harid
1144 2468 1239 2536 placet'
1259 2468 1321 2535 (inc.
1340 2468 1358 2518 f.
1380 2468 1431 2535 13).

136 2582 225 2642 quem
248 2561 349 2622 locum
372 2584 433 2623 non
456 2565 570 2624 insulse
592 2567 717 2646 respicit
739 2565 846 2626 Oicero
870 2568 961 2626 Tuse.
985 2567 1017 2625 II
1042 2573 1069 2640 1,
1101 2572 1133 2627 1:
1167 2568 1395 2645 ‘Neoptolemus
1418 2568 1482 2645 qui-

136 2667 204 2727 dem
238 2668 319 2747 apud
350 2668 484 2728 Ennium
515 2670 721 2750 philosophari
751 2670 808 2730 sibi
841 2672 884 2730 ait
920 2690 1043 2730 necesse
1075 2690 1149 2745 esse,
1183 2669 1237 2730 sed
1267 2672 1385 2750 paucis;
1415 2691 1485 2729 nem

107 2777 111 2780 “
135 2775 256 2832 omnino
279 2772 361 2833 haud
383 2774 518 2855 placarer
541 2796 596 2855 ego
620 2785 729 2850 sutem,
758 2777 861 2850 Brute,
885 2796 1007 2837 necesse
1029 2777 1102 2835 mihi
1127 2776 1248 2856 quidem
1273 2795 1338 2836 esse
1359 2775 1486 2835 arbitror

135 2877 345 2958 philosophari
370 2924 508 2943 .....
533 2879 669 2941 sednon
697 2882 812 2960 paucis,
850 2889 882 2940 ut
904 2880 967 2941 ille’
992 2881 1040 2959 (ei.
1067 2881 1177 2941 ibidem
1200 2880 1234 2941 II
1259 2887 1286 2955 1,
1311 2876 1354 2963 2).
1394 2889 1484 2960 etque

136 2983 169 3044 in
202 2984 382 3043 contrariam
406 2993 523 3065 partem
552 2984 700 3045 dicentem
724 2987 797 3045 iacit
821 2986 926 3046 Cicero
951 2986 1117 3046 Antonium
1147 2985 1184 3045 de
1208 3007 1249 3046 or.
1273 2986 1306 3044 Il
1330 2988 1380 3059 37,
1408 2988 1484 3045 156:

139 3088 193 3146 ‘sic
225 3087 346 3148 decrevi
377 3088 584 3170 philosophari
615 3090 724 3170 potius,
758 3099 792 3151 ut
821 3090 1039 3171 Neoptolemus
1067 3089 1148 3170 apud
1178 3091 1324 3150 Ennium:
1362 3091 1485 3169 ‘parteis

136 3214 207 3253 nem
231 3237 238 3252 .
265 3238 273 3253 .
297 3236 305 3253 .
329 3242 338 3258 ,
361 3194 481 3274 placet)
506 3214 584 3274 quse
606 3194 700 3255 verba
724 3196 814 3254 etism
838 3194 961 3255 Aelium
986 3194 1110 3254 Sextum
1134 3195 1206 3253 iuris
1230 3195 1361 3273 peritum
1383 3195 1414 3253 in
1436 3214 1487 3253 ore

136 3318 257 3379 semper
279 3297 422 3358 habuisse
444 3298 553 3361 Cicero
575 3309 704 3360 testatur
728 3300 765 3359 de
788 3321 821 3359 re
843 3301 927 3381 publ,
951 3300 968 3359 I
993 3304 1042 3374 18,
1068 3303 1118 3361 30.

242 3404 384 3485 Sequitur
407 3425 558 3480 versuum,
581 3426 656 3487 quos
679 3426 718 3466 ex
741 3407 868 3486 singulis
890 3407 983 3466 Ennii
1007 3404 1117 3465 fabulis
1141 3406 1247 3464 citavit
1272 3402 1386 3476 Cicero,
1418 3423 1487 3464 con·

137 3519 258 3591 spectus
280 3531 335 3591 per
358 3530 497 3570 numeros
521 3512 715 3591 significatus,
741 3532 801 3592 qus
834 3512 866 3571 in
889 3533 921 3571 re
944 3510 1146 3571 Ribbeckium
1178 3530 1289 3590 sequar
1323 3517 1485 3581 auctorem,

138 3618 235 3697 primo
264 3614 329 3676 loco
352 3636 404 3676 eos
436 3636 540 3677 versus
573 3616 786 3696 complectens,
819 3618 872 3696 qui
904 3625 986 3677 certo
1015 3615 1141 3694 singulis
1169 3613 1332 3695 tragoediis
1359 3624 1486 3695 possunt

138 3720 271 3794 attribui,
296 3721 390 3780 altero
414 3741 473 3795 eos,
502 3722 554 3800 qui
579 3722 705 3801 profecti
721 3731 791 3781 sunt
813 3720 851 3781 ab
874 3722 975 3782 Ennio
1000 3719 1132 3802 quidem,
1155 3740 1254 3800 neque
1280 3729 1381 3780 tamen
1405 3719 1489 3778 cuius

138 3828 199 3885 sint
220 3823 353 3906 fabulae,
386 3835 465 3885 certe
487 3834 589 3906 potest
611 3824 780 3907 diiudicari,
811 3828 909 3902 tertio,
935 3846 1060 3908 quorum
1085 3827 1168 3904 origo
1190 3845 1264 3885 num
1286 3826 1325 3885 sit
1347 3824 1488 3884 Enniana

138 3952 200 3992 non
222 3932 296 3991 satis
317 3931 428 4010 liquet:
540 3936 547 3944 '

484 4032 604 4084 Achilles
623 4069 785 4086 .......
800 4096 809 4107 ,
841 4036 854 4083 1

487 4121 554 4170 Aisx
572 4157 787 4173 .........
842 4124 857 4171 2

485 4198 630 4259 Alcumaeo
650 4242 786 4260 ......
825 4213 855 4259 11

484 4296 636 4346 Alexander
649 4332 789 4347 ......
827 4298 859 4345 16

487 4383 677 4433 Andromacha
828 4384 862 4433 22

487 4469 684 4535 Cresphontes.
704 4508 710 4519 .
729 4509 735 4521 .
755 4506 788 4521 ..
842 4472 857 4520 2

439 4580 443 4586 ·
488 4556 656 4609 Erechtheus
680 4593 789 4610 .....
828 4586 861 4595 -
