3300 5059
1405 236 1468 295 323

223 420 323 473 uestitu
341 422 424 472 nimio
443 418 575 488 indulges,
594 423 704 473 nimium
725 421 832 489 ineptus
851 422 897 474 ea’
1022 479 1025 487 ¹

221 510 331 559 nimium
349 506 433 577 ipsest
450 508 533 559 durus
550 506 658 575 6166161
680 524 850 577 aequomque
868 508 896 562 tt
913 511 1040 577 bonnm¹)
1059 510 1185 581 (Adelph.
1203 514 1217 563 1
1236 516 1259 577 1,
1277 515 1310 564 36
1325 513 1403 580 sqq.).

119 617 230 678 deinde
249 595 393 705 Terentii
418 637 476 692 ars,
511 636 602 696 quem
634 616 820 698 praestiterit
841 618 873 677 in
905 617 1128 679 narrationibus
1160 620 1315 701 aptissime
1347 630 1378 681 et
1400 642 1466 682 sua-

118 723 240 782 vissime
272 720 479 797 instituendis,
511 722 634 782 summis
667 720 839 783 celebratur
869 722 1009 784 laudibus
1041 723 1079 784 de
1115 722 1166 786 Or.
1190 724 1224 785 Π
1247 727 1298 799 80,
1325 727 1386 785 326
1398 746 1466 806 sqq.

120 828 232 888 etenim
265 846 333 887 eum
364 826 517 887 Antonius
550 862 590 872 -
624 847 662 887 ex
685 824 839 888 Ciceronis
871 829 1012 889 nimirum
1045 831 1195 891 sententia
1225 862 1262 877 -
1287 829 1468 891 brevitatem

118 950 211 1011 saepe
233 929 354 991 obstare
377 932 408 989 in
433 930 583 991 narrando
616 931 816 1007 contenderit,
848 953 909 994 non
932 934 1029 995 solum
1065 934 1146 1016 quod
1179 934 1393 997 obscuritatem
1416 936 1468 997 ad·-

118 1038 220 1115 ferret,
245 1035 299 1095 sed
323 1037 414 1095 etiam
449 1035 530 1117 quod
564 1057 630 1097 eam
653 1038 808 1120 virtutem,
843 1057 921 1120 quae
952 1041 1133 1102 narrationis
1168 1051 1248 1103 assat
1270 1042 1410 1118 maxima,
1436 1052 1470 1103 ut

118 1140 251 1202 iucunda
288 1148 319 1201 at
358 1141 395 1201 ad
427 1141 671 1222 persuadendum
694 1143 920 1205 accommodata
958 1154 1045 1220 66661,
1083 1146 1215 1220 tolleret,
1255 1145 1293 1206 ad
1331 1147 1468 1208 Andriae

119 1247 326 1307 Terentianae
348 1255 433 1307 actus
465 1247 554 1326 primi
585 1266 726 1307 scaenam
757 1250 887 1329 primam
917 1258 1071 1330 provocat,
1103 1251 1157 1311 ubi
1180 1250 1260 1312 Simo
1293 1264 1416 1313 exorsus
1450 1272 1468 1311 a

118 1352 174 1411 filii
198 1351 330 1412 moribus
354 1351 569 1433 describendis,
593 1343 682 1433 quae
695 1361 759 1412 tum
782 1354 821 1413 sit
844 1354 908 1414 eius
928 1352 1073 1429 condicio,
1098 1354 1203 1417 Sosiae
1225 1376 1312 1417 servo
1336 1357 1470 1437 explicat

121 1458 293 1517 narratione
325 1477 416 1538 quem
448 1458 624 1517 suavissima
659 1452 770 1541 (Andr.
792 1458 811 1518 I
835 1460 863 1537 1,
888 1459 929 1518 24
955 1459 1046 1543 sqq.).
1065 1460 1120 1540 ¹de
1150 1460 1208 1522 hac
1238 1462 1331 1540 igitur
1361 1481 1469 1522 scaena

120 1561 177 1621 hoc
199 1564 314 1642 profert
335 1582 392 1644 per
414 1561 581 1623 Antonium
605 1560 711 1623 Cicero
734 1562 897 1625 iudicium:

401 1685 472 1735 ‘nam
488 1686 515 1735 is
533 1682 674 1751 pdstquam
695 1685 809 1735 excernit
828 1682 861 1735 dx
879 1684 989 1751 ephebis
1008 1719 1015 1735 .
1034 1723 1041 1738 .
1062 1722 1068 1735 .
1088 1685 1111 1750 (Ι
1132 1688 1154 1749 1,
1173 1684 1219 1755 14)

119 1811 211 1871 'qnam
233 1792 327 1873 longa
349 1801 395 1854 est
417 1792 564 1852 narratio!
592 1811 689 1852 mores
712 1790 915 1869 adulescentis
938 1791 1032 1871 ipsius
1055 1800 1086 1852 61
1117 1793 1235 1855 servilis
1266 1794 1465 1875 percontatio,

120 1917 200 1958 mors
224 1896 392 1977 Chrysidis,
427 1897 529 1957 vultus
562 1904 592 1956 61
623 1899 719 1957 forma
751 1905 781 1956 et
811 1896 990 1956 lamentatio
1024 1899 1142 1979 sororis,
1174 1899 1292 1979 reliqua
1325 1900 1466 1979 pervarie

121 2002 311 2083 iucundeque
334 2011 505 2063 narrantur.
530 2000 637 2083 quodsi
660 2002 740 2063 hane
761 2001 941 2063 brevitatem
965 2003 1146 2084 quaesisset:

399 2122 523 2177 ecfertur.
541 2126 612 2176 imus
630 2162 637 2177 .
657 2163 664 2179 .
682 2163 689 2176 .
709 2126 743 2176 ad
761 2124 914 2192 sepulcrum
933 2122 1065 2189 uenimus,

396 2214 424 2263 in
442 2210 532 2279 ignem
550 2215 676 2280 imposita
694 2219 734 2265 est
752 2213 775 2279 (Ι
796 2216 819 2279 1,
838 2215 880 2265 90.
901 2214 948 2265 101
961 2213 1021 2280 sp),

122 2318 185 2378 fere
208 2316 312 2379 decem
333 2320 491 2380 versieulis
513 2329 608 2381 totum
630 2322 775 2382 conficere
790 2322 953 2403 potuisset,
990 2338 1172 2399 quamquam
1207 2319 1264 2380 hoc
1286 2321 1386 2401 ipsum
1410 2319 1468 2380 ‘ee-

122 2424 226 2499 161161,
250 2425 337 2486 imus’
363 2426 514 2486 concisum
538 2435 584 2512 est
618 2428 671 2508 ita,
704 2435 820 2486 utnon
853 2425 993 2487 brevitati
1028 2426 1172 2486 servitum
1204 2424 1252 2505 sit,
1279 2424 1338 2485 sed
1370 2427 1466 2503 magis

121 2531 305 2591 venustati.
330 2576 337 2591 .
364 2577 371 2593 .
397 2539 427 2591 et
457 2533 656 2593 festivitatem
675 2525 777 2593 ¹habet
808 2534 940 2593 narratio
974 2531 1115 2591 distincta
1145 2531 1282 2613 personis
1315 2539 1345 2590 61
1373 2532 1466 2591 inter·

121 2646 236 2718 puncta
259 2637 468 2702 sermonibus!
493 2658 568 2719 quae
590 2636 698 2698 leudes
721 2637 859 2699 Andriae
882 2638 1087 2697 Terentianae
1119 2636 1245 2696 tributas
1269 2635 1373 2714 Lange
1395 2636 1417 2699 l.
1441 2658 1467 2697 6.

123 2762 153 2822 p.
172 2742 269 2825 51sq.
286 2750 365 2804 totae
381 2744 446 2803 1616
470 2743 568 2804 voluit
590 2763 733 2804 revocare
750 2744 840 2803 etiam
857 2742 895 2802 ad
911 2740 1118 2824 Menandrum,
1142 2762 1203 2823 qua
1216 2743 1247 2801 in
1263 2761 1296 2801 re
1311 2740 1468 2822 paulisper

121 2848 196 2907 mihi
227 2849 318 2909 liceat
349 2848 523 2909 subsistere.
554 2850 665 2909 etenim
688 2850 827 2909 existimo
850 2830 1011 2927 Largium,
1035 2868 1101 2907 cum
1125 2846 1329 2908 demonstrare
1352 2845 1471 2906 studeat

122 2954 223 3013 omnia
244 2955 307 3014 1616
324 2953 476 3015 Ciceronis
501 2953 538 3013 de
554 2955 694 3014 Terentii
710 2963 774 3014 arte
789 2953 900 3013 iudicia
917 2952 955 3012 ad
972 2952 1169 3013 Menandrum
1185 2973 1304 3035 quoque
1320 2961 1468 3034 spectare,

121 3060 152 3119 in
185 3079 316 3120 errorem
348 3059 503 3119 incidisse.
536 3058 610 3118 dicit
642 3059 723 3121 enim
755 3058 852 3118 Tullii
886 3057 962 3117 illud
995 3057 1032 3117 de
1055 3057 1173 3119 Andria
1205 3056 1349 3141 iudicium
1383 3078 1469 3139 prae·

122 3164 218 3245 cipue.
232 3163 270 3225 ob
293 3164 372 3225 hano
406 3184 527 3227 66666111
553 3183 642 3245 66666
673 3162 712 3223 ad
734 3162 933 3224 Menandrum
957 3164 1073 3237 referri,
1108 3160 1188 3244 quod
1211 3162 1249 3223 de
1280 3162 1331 3225 fin.
1355 3164 1372 3223 1
1396 3165 1425 3237 2,
1450 3166 1470 3222 4

120 3271 153 3330 in
175 3269 287 3330 fabulis
302 3270 421 3330 Latinis
445 3270 484 3329 ad
508 3269 638 3330 verbum
657 3280 702 3329 'ex
718 3268 844 3329 Graecis
868 3256 1017 3350 expressis
1041 3269 1131 3328 ctiam
1148 3267 1266 3328 Andria
1289 3276 1470 3330 numeretur.

120 3383 151 3434 61
172 3376 300 3458 primum
323 3374 400 3435 illud
424 3376 472 3436 ‘ad
488 3375 619 3436 verbum
635 3371 796 3457 expressis'
820 3383 901 3435 66116
925 3374 967 3433 616
991 3382 1035 3435 661
1056 3373 1274 3454 accipiendum,
1297 3383 1331 3433 ut
1353 3373 1470 3435 fabulas

120 3482 192 3541 satis
214 3480 310 3541 libera
333 3500 494 3541 conversas
525 3501 592 3542 esse
614 3489 764 3561 putemus.
798 3479 871 3561 quid
900 3464 1471 3561 6661116Α611161666116166661-

121 3606 208 3647 sones
231 3586 394 3647 Terentius
417 3585 535 3646 addidit
567 3570 713 3658 fabulae,¹
735 3605 813 3666 qnae
842 3574 902 3644 non
937 3592 1023 3644 erant
1055 3582 1135 3663 apud
1159 3582 1369 3658 Menandrum,
1402 3584 1470 3645 dieo

121 3689 284 3751 Charinum
320 3700 352 3752 et
387 3689 571 3772 Byrriam.²)
605 3689 714 3751 deinde
746 3689 777 3748 id
809 3689 891 3771 quod
921 3690 954 3749 in
986 3709 1095 3749 scaena
1127 3688 1225 3770 prima
1257 3689 1307 3750 vel
1340 3692 1471 3752 maxime

121 3795 272 3873 laudatur,
321 3798 354 3855 in
390 3795 550 3857 Menandri
584 3794 701 3855 Andria
736 3794 869 3855 defuisse
906 3795 1045 3855 Donatus
1076 3794 1114 3854 ad
1149 3796 1227 3875 prol.
1263 3797 1301 3855 13
1334 3804 1470 3855 testatur.

125 3900 207 3982 quod
240 3902 319 3963 enim
341 3900 422 3983 apud
445 3901 625 3961 Terentium
652 3900 825 3959 narratione
856 3900 1049 3980 interpuncta
1070 3898 1257 3960 sermonibus
1281 3899 1410 3960 Simonis
1443 3910 1473 3961 61

122 4006 226 4068 Sosiae
262 4007 342 4067 inter
383 4026 416 4067 se
457 4006 675 4088 disputantium
708 4004 874 4097 conficitur,
916 4002 965 4062 id·
987 4005 1019 4064 in
1051 4004 1211 4069 Menandri
1244 4005 1361 4067 Andria
1393 4007 1472 4067 senis

121 4182 328 4192 ———----

224 4284 590 4355 ι)(11111116111611116666116
607 4284 726 4337 valuerit
737 4285 887 4349 Terentius,
907 4284 987 4336 etiam
1007 4298 1039 4335 ex
1051 4284 1153 4335 Donati
1172 4282 1405 4334 observationibus
1427 4283 1472 4334 hic

118 4376 176 4432 illio
193 4375 321 4441 dispersis
339 4374 461 4442 adparet,
480 4374 608 4424 velutad
625 4373 739 4438 Adelph.
758 4389 784 4425 v.
802 4374 849 4435 80:
870 4372 905 4425 61.
924 4374 1005 4424 etiam
1024 4371 1142 4438 Spengel
1160 4372 1188 4421 in
1208 4371 1292 4437 61661.
1310 4386 1336 4435 p.
1356 4374 1397 4421 14.

225 4463 247 4530 ¹)
266 4462 308 4513 cf.
326 4462 425 4513 Donat.
450 4460 485 4512 ad
503 4461 585 4512 Andr.
602 4460 631 4510 11
650 4462 676 4525 1,
694 4463 725 4527 13
742 4459 878 4511 Dniatnlro
897 4459 996 4512 'Uaber
1019 4459 1063 4511 die
1081 4459 1166 4525 plaut.
1193 4457 1273 4520 Ptol,
1301 4457 1364 4522 allg.
1392 4457 1470 4521 Ges),

122 4553 230 4604 Lunam
251 4551 326 4617 186⁷,
349 4566 375 4616 p.
396 4551 427 4601 1⁶
439 4564 492 4615 sq.;
511 4548 628 4615 Spengel
645 4550 673 4599 in
691 4548 776 4616 61661.
794 4548 836 4599 ad.
854 4564 881 4615 p.
902 4550 941 4601 12.

1267 4631 1317 4683 21*
