3300 5059
1420 246 1483 311 315.

84 478 93 481 --
217 447 248 497 et
269 434 437 496 Caecilium
464 437 591 497 fortasse
606 437 780 497 'comicum'
814 456 875 517 qua
908 437 938 495 in
972 458 1004 503 re
1035 430 1117 499 haud
1139 426 1201 497 scio
1224 457 1263 495 an
1285 436 1418 516 pendeat
1442 456 1480 495 ex
1543 443 1562 497 '.

134 544 280 612 Varronis
302 542 390 601 amici
414 540 451 601 de
475 537 761 623 Caecilioliudic'iis,
795 542 847 621 qui
875 551 975 601 tamen
999 542 1088 602 huius
1109 551 1217 622 poetae
1241 542 1366 600 virtutes
1390 518 1503 621 ang'fiss

133 647 274 709 stioribus
297 647 529 727 circumscripsit
543 646 663 717 finibus.
689 647 801 706 etenim
817 644 985 708 Caecilium
1006 646 1079 707 dicit
1091 640 1124 705 in
1141 647 1327 725 argumentis
1349 647 1481 727 palmam

132 773 265 835 poscere,
290 734 379 837 sicuti
400 752 543 844 Blautum
566 754 599 811 in
621 751 809 812 sermonibus
833 749 927 833 (Non.
946 748 1035 837 374),
1060 762 1123 829 tum
1138 752 1230 833 πάθη
1253 752 1339 811 illurn
1361 752 1480 810 facilius

132 860 263 919 movisse
296 877 386 937 quam
414 857 591 916 Terentium
622 854 753 940 (Charis.
783 856 837 917 Cr.
865 857 933 915 Lat.
956 858 1070 934 1241,
1105 857 1145 917 27
1177 852 1246 938 K).
1284 856 1359 916 haec
1390 856 1481 935 igitur
1567 861 1569 865 '

36 1026 41 1033 ,
132 966 264 1023 lemasae'
289 962 452 1042 respiciens
486 960 592 1024 Cicero
614 981 774 1048 summum
806 960 880 1033 dicit
908 960 1074 1022 Caecilium
1106 965 1226 1041 poetam
1258 962 1412 1033 comicum,
1449 970 1481 1019 ut

132 1070 185 1149 qui
217 1068 310 1126 animi
337 1061 437 1125 motus
458 1068 612 1145 aptissime
635 1067 767 1148 potuerit
789 1066 962 1147 depingere.
975 1063 998 1148 ¹)
1037 1086 1135 1147 neque
1161 1066 1197 1139 ‚id
1228 1062 1481 1146 praetereundum

134 1195 202 1234 esse
224 1188 336 1244 censeo
355 1173 416 1234 iam
439 1179 510 1231 ante
526 1163 703 1231 Ciceronem
720 1152 1154 1251 Volcacium-Sedigitumhoc
1169 1171 1275 1231 tulisse
1291 1169 1329 1229 de
1345 1168 1479 1229 Caecilio
1518 1160 1525 1167 ⁴
1562 1196 1564 1201 ·

131 1278 289 1337 iudicium:
315 1274 457 1337 ‘Caecilio
486 1277 617 1356 palmam
641 1276 735 1337 Statio
759 1276 797 1336 do
821 1273 986 1359 comico’.²)
1010 1276 1063 1337 sed
1088 1296 1270 1356 quamquam
1293 1295 1396 1335 omnes
1417 1276 1480 1334 fero

132 1382 269 1442 vetorum
290 1375 457 1462 scriptores
481 1384 672 1441 consentiunt
695 1381 829 1442 Caecilio
852 1383 965 1461 primas
989 1380 1119 1461 quodam
1142 1381 1231 1440 modo
1255 1400 1320 1440 esse
1344 1369 1479 1439 deleren-

131 1484 228 1567 das,³)
253 1496 353 1561 tamen
377 1485 552 1546 Ciceronem
575 1486 745 1546 videbimus
780 1487 874 1547 multo
902 1486 1008 1551 'minus
1040 1485 1131 1545 studii
1164 1494 1194 1544 et
1223 1504 1333 1565 operae
1362 1486 1393 1543 in
1417 1484 1479 1543 eius
1498 1520 1517 1541 .'
1564 1551 1566 1555 .

124 1592 246 1659 'fabulis'
266 1592 428 1651 collocasse
451 1612 540 1670 quam
564 1594 596 1651 in
612 1593 814 1652 Terentianis.
840 1594 924 1651 cuius
948 1594 991 1657 'rei
1014 1612 1104 1651 causa
1128 1593 1158 1651 iu
1182 1592 1307 1651 obscuro
1332 1608 1479 1661 essenon

120 1707 240 1781 potest.
262 1698 425 1757 fuitenim
449 1696 600 1757 Caecilius
622 1698 752 1757 'natione
773 1696 912 1770 Insuber,
945 1717 1045 1776 neque
1077 1698 1184 1755 mirum
1216 1705 1270 1769 est,
1304 1693 1385 1774 quod
1418 1709 1495 1752 non·

105 1799 107 1802 ’
131 1803 252 1883 penitus
282 1788 461 1882 perceperat
491 1802 620 1883 linguae,
647 1803 775 1864 Latinae
807 1803 1015 1883 proprietates.
1057 1803 1162 1881 itaque
1198 1784 1354 1860 Ciceronis
1361 1785 1364 1790 ⁸
1388 1800 1477 1859 illud:
1575 1837 1578 1841 ·

132 1913 213 1967 ‘uam
234 1907 356 1966 illorum
378 1906 530 1986 aequales,
553 1907 718 1968 Caecilium
743 1917 775 1968 et
787 1908 956 1969 Pacuvium
975 1909 1058 1970 ¹male
1072 1908 1190 1967 locutos
1203 1903 1351 1965 videmus'
1377 1902 1474 1987 (Brut.
1565 1902 1566 1905 ’
1638 1944 1640 1951 ‹

133 2014 184 2092 74,
206 2007 283 2095 258)
299 1999 456 2071 nensine
478 2013 597 2071 ratione
619 2014 750 2091 positum
774 2032 840 2073 esee
862 2012 951 2072 facile
976 2007 1217 2092 corrcedemue.⁴)
1241 2010 1299 2069 buc
1323 2011 1414 2091 etiam
1437 2009 1478 2067 al-

132 2126 197 2175 tero
229 2117 296 2176 loco
319 2116 397 2177 redit
420 2114 537 2192 Cicero,
566 2116 605 2177 ad
627 2118 690 2181 Att.
715 2118 909 2195 VH-3„10‚
933 2118 985 2177 ubi
1010 2115 1047 2177 de
1069 2116 1190 2177 nomine
1213 2116 1331 2175 Piraeei
1356 2116 1479 2192 eiusque

132 2242 189 2281 usu
210 2222 405 2302 grammatico
426 2223 575 2301 loquitur:
601 2223 702 2282 ‘venio
726 2222 765 2286 ad
786 2222 925 2305 Piraeea,
948 2224 981 2284 in
1005 2244 1063 2302 quo
1088 2222 1183 2300 magis
1211 2218 1477 2300 reprehendendus

69 2378 74 2385 .
130 2348 206 2407 sum,
232 2325 313 2407 quod
336 2328 424 2386 hemo
447 2329 601 2387 Romanus
625 2326 772 2388 ‘Piraeea’
796 2329 977 2409 scripserim,
1001 2349 1061 2387 non
1086 2322 1245 2385 ‘Piraeum'
1267 2360 1309 2370 -
1332 2325 1375 2382 sic
1398 2324 1477 2383 cn'im

129 2452 234 2492 omnes
257 2434 351 2491 nostri
374 2433 466 2492 locuti
489 2439 559 2492 sunt
574 2469 616 2478 —
632 2454 721 2512 quam
738 2432 819 2513 quod
843 2433 893 2491 ‘in’
918 2432 1086 2492 addiderim
1109 2478 1115 2490 .
1133 2481 1140 2495 .
1159 2477 1167 2491 .
1191 2410 1323 2490 nostruin
1355 2427 1477 2508 quidem

129 2539 153 2595 si
178 2547 224 2597 est
245 2546 412 2617 peccatum,
435 2540 469 2600 in
492 2558 528 2597 eo
552 2516 607 2612 est,
632 2538 712 2617 quod
735 2559 796 2599 non
819 2549 853 2598 ut
876 2537 914 2597 de
936 2536 1048 2617 oppido
1070 2537 1187 2597 locutus
1210 2556 1284 2615 sum,
1308 2536 1360 2594 sed
1385 2543 1417 2592 ut
1440 2534 1478 2593 de

130 2642 207 2719 loco,
232 2652 417 2722 secutusque⁴
434 2641 509 2713 sum,
533 2662 593 2712 non
617 2642 684 2702 dico
709 2641 873 2703 Caecilium
898 2678 938 2687 -
961 2642 1056 2701 malus
1080 2642 1159 2700 enirn
1185 2650 1288 2699 auctor
1307 2639 1478 2698 Latinitatis

9 2793 12 2796 ,
120 2760 174 2830 ¹est
196 2785 238 2795 --
262 2747 314 2808 sed
339 2742 538 2806 Terentium’.
563 2739 601 2805 ex
623 2745 671 2805 his
694 2756 794 2806 autern
817 2747 910 2826 plane
931 2748 1121 2827 perspicitur,
1147 2768 1198 2806 cur
1218 2744 1324 2805 Cicero
1340 2744 1477 2803 Terentii
1504 2812 1505 2815 Ἴ

129 2853 240 2914 fabulis
263 2853 359 2931 magis
383 2851 612 2911 delectatussit
635 2872 725 2931 quam
748 2849 939 2915 Caecilianis.
973 2872 1072 2931 neque
1104 2871 1176 2910 vero
1210 2869 1288 2929 quae
1320 2857 1478 2930 praeterea

130 2957 210 3038 apud
236 2978 304 3017 cum
327 2957 523 3015 inveniuntur
545 2955 667 3032 iudicia,
692 2966 725 3016 ut
748 2957 793 3038 de.
807 2978 871 3017 sen.
890 2960 920 3033 8,
945 2958 999 3016 25:
1023 2954 1063 3015 ‘et
1087 2933 1193 3021 melius
1210 2953 1379 3034 Caecilius’‚
1403 2952 1476 3031 ibid.

131 3062 218 3122 ‘illud'
241 3083 313 3122 vero
341 3061 422 3121 idem
445 3059 595 3121 Caecilius
627 3061 769 3121 vitiosus’·
792 3062 883 3121 ullius
916 3070 985 3121 suut
1014 3061 1168 3140 momenti,
1200 3062 1271 3140 quia
1302 3079 1362 3118 non
1394 3078 1476 3138 spec·
1508 3098 1512 3103 -

127 3177 193 3226 tant
215 3168 253 3254 ad
277 3166 402 3226 Caecilii
425 3167 581 3245 ingenium
602 3168 763 3248 poeticum,
792 3166 853 3239 sed¹
877 3166 914 3225 ad
942 3167 1077 3245 singulas
1105 3174 1221 3226 tanturn
1245 3165 1414 3225 sententias
1437 3163 1475 3223 ab
1511 3202 1515 3208 -

129 3293 166 3331 eo
187 3272 329 3351 prolatas.
478 3353 481 3358 ⁴
535 3268 539 3274 ’

232 3378 303 3437 Iam'
318 3379 353 3437 in
376 3399 412 3437 eo
437 3388 491 3458 est,
514 3387 547 3438 ut
569 3399 623 3439 noe
646 3377 685 3437 ad
708 3378 934 3461 fabulasipsas
959 3361 1179 3456 convertamus,
1209 3398 1283 3457 quas
1306 3396 1415 3457 magna
1440 3397 1478 3436 ex
1521 3361 1523 3365 ¹

130 3493 217 3561 parte
240 3480 395 3542 Ciceronis
418 3490 553 3564 tempore
577 3493 658 3543 actas
682 3476 747 3544 esse
770 3484 841 3544 inde
863 3493 962 3565 petest
985 3484 1089 3554 conici,
1126 3482 1208 3563 quod
1239 3502 1330 3562 saepe
1353 3502 1477 3540 numero

131 3586 318 3646 aCicerone
340 3587 373 3646 in
396 3587 581 3647 orationibus
604 3590 746 3649 versiculi
768 3588 936 3648 Caeciliani
971 3589 1149 3649 adferuntur
1177 3587 1276 3666 neque
1298 3597 1389 3669 poeta
1412 3589 1477 3666 ipso
1517 3622 1521 3628 -

127 3692 282 3757 nominato
306 3712 406 3772 neque
425 3691 539 3764 fabula,
562 3693 604 3751 ita
620 3702 652 3753 ut
668 3696 740 3753 eatis
757 3716 806 3754 eos
823 3703 909 3755 notos
927 3696 1020 3755 fuisse
1035 3693 1200 3768 putandum
1219 3696 1258 3753 sit
1273 3692 1476 3755 audientibus.

130 3796 202 3875 quid
227 3796 306 3876 quod
322 3797 488 3857 nonnullae
504 3784 630 3876 Caecilii
646 3797 816 3859 fabularum
832 3820 979 3881 personae
996 3802 1132 3880 typicae,
1154 3809 1188 3858 ut
1211 3801 1253 3859 ita
1277 3800 1383 3875 dicam,
1408 3806 1478 3857 suut

233 4024 252 4085 ¹)
272 4025 361 4089 Atque
381 4023 493 4074 eandem
515 4025 626 4087 Caecilii
645 4024 770 4075 virtutem
789 4026 918 4077 Horatius
937 4042 1044 4092 quoque
1061 4026 1167 4077 videtur
1190 4028 1217 4075 in
1242 4030 1330 4075 mente
1350 4023 1476 4074 habuisse

129 4110 199 4175 Epp.
219 4111 245 4159 11
265 4113 288 4172 l,
307 4112 349 4175 59,
368 4112 415 4160 ubi
433 4114 593 4175 gravitatem
611 4112 653 4161 illi
671 4113 800 4163 attribuit.

230 4199 250 4262 ²)
269 4199 352 4249 Hertz
370 4201 509 4264 ‘mimico';
530 4200 597 4251 Geli.
615 4201 675 4265 XV,
693 4204 739 4267 245
759 4203 792 4254 cl.
811 4204 915 4255 Teuffel
935 4205 952 4257 l.
971 4222 993 4256 c.
1012 4222 1038 4269 p.
1058 4207 1087 4269 33
1111 4204 1159 4253 Tb.
1180 4193 1310 4267 Ladewig
1328 4201 1430 4252 ‘Ueber
1449 4200 1475 4250 d.

126 4286 226 4336 Kanon
247 4287 293 4335 des
312 4286 387 4337 Volc.
406 4287 484 4351 See:
503 4289 680 4354 Naustrelitzs
694 4292 770 4354 1842,
787 4308 813 4358 p.
836 4294 876 4343 19.

230 4372 250 4437 ³)
270 4372 311 4423 cf.
330 4374 421 4435 Quint.
439 4375 465 4425 x
485 4379 508 4439 1,
528 4380 570 4427 ee.
877 4372 879 4377 ’

229 4456 250 4525 ⁴)
271 4460 311 4510 Cf.
330 4460 469 4532 Teuffell.
489 4479 512 4513 c.
530 4480 558 4527 p.
576 4467 601 4529 3,
620 4481 644 4516 a.
663 4466 697 4516 20
716 4472 742 4516 et
760 4482 830 4531 quae
848 4466 1033 4531 Engelbrecbt
1055 4468 1088 4517 de
1109 4467 1220 4519 Caecilii
1242 4467 1391 4517 elocutione
1413 4482 1475 4515 con·

110 4548 209 4611 'gessit
226 4548 253 4595 iu
274 4548 343 4597 stud.
363 4547 423 4599 Ter.
443 4565 468 4613 p.
489 4552 541 4616 78).
618 4609 622 4613 Α
