3300 5059
471 1257 573 1315 De
617 1253 870 1333 syllabis
917 1254 979 1311 in
1027 1252 1398 1334 trisemam1)
1447 1251 1889 1332 longitudinem
1937 1252 2263 1332 producti8‚
2313 1274 2469 1332 quae
2515 1254 2575 1311 in
2611 1255 2696 1313 eis
2731 1254 3002 1315 versibus

301 1362 544 1421 obviam
590 1360 761 1431 fiunt,
809 1358 871 1416 in
919 1358 1136 1436 quibus
1182 1358 1455 1437 singulae
1499 1353 1766 1441 theses2)
1834 1358 2207 1437 interceptae
2254 1378 2461 1417 versus
2508 1359 3000 1437 aequabilitatem

305 1467 772 1543 interrumpunt,
830 1464 882 1520 si
931 1462 1043 1522 hoc
1090 1463 1378 1542 opusculo
1427 1461 1840 1543 disputaturus
1888 1484 2033 1537 sum,
2092 1484 2267 1523 nemo
2322 1472 2471 1542 puto
2519 1464 2849 1539 mirabitur,
2901 1468 3005 1544 qui

298 1592 419 1650 quo
455 1571 588 1630 Ioco
621 1567 800 1627 hodie
834 1588 905 1627 ea
936 1570 1013 1627 sit
1045 1568 1337 1646 quaestio,
1367 1549 1723 1627 meminerit.
1760 1569 2034 1646 quamvis
2066 1569 2221 1627 enim
2257 1568 2417 1625 haud
2444 1569 2725 1646 exiguam
2758 1569 2898 1628 inde
2932 1570 3006 1629 ab

299 1676 482 1734 huius
529 1673 754 1733 saeculi
801 1674 972 1732 initio
1020 1693 1264 1751 operam
1316 1656 1769 1732 conlocaverint
1800 1672 1916 1729 viri
1950 1672 2170 1730 eruditi
2203 1674 2265 1731 in
2299 1670 2561 1731 tenebris
2595 1671 3007 1747 discutiendiS,

306 1779 525 1859 quibus
590 1779 958 1840 canticorum
1007 1776 1374 1838 Graecorum
1439 1787 1775 1837 structurae
1838 1776 2123 1835 metricae
2187 1777 2437 1835 scientia
2502 1775 2790 1835 obvoluta
2856 1788 3003 1852 erat,

302 1895 507 1944 tamen
574 1884 706 1962 quis
765 1903 986 1962 quaeso
1048 1883 1259 1941 harum
1316 1903 1510 1942 rerum
1559 1884 1789 1963 peritus
1835 1881 1898 1939 in
1944 1880 2058 1940 hoc
2104 1902 2316 1960 campo
2363 1900 2543 1960 saepe
2589 1901 2837 1941 numero
2885 1904 3006 1941 non

311 1989 712 2069 spicilegium,
763 1988 867 2047 sed
912 1988 1206 2066 integram
1253 2008 1506 2047 messem
1551 1987 1823 2047 relictam
1871 2006 2000 2046 esse
2044 1987 2217 2045 nobis
2264 1986 2551 2063 negabit?

482 2094 788 2153 Dubitans
852 2101 1074 2167 autem,
1139 2114 1282 2152 num
1343 2094 1586 2152 omnino
1643 2093 1863 2151 virium
1918 2112 2185 2150 mearum
2250 2092 2326 2151 sit
2388 2091 2545 2151 hanc
2592 2095 3005 2172 quaestionem

300 2199 614 2259 difficilem
660 2219 805 2258 sane
851 2207 912 2258 et
956 2198 1246 2257 lubricam
1293 2197 1369 2257 ad
1415 2199 1592 2257 finem
1630 2196 1981 2277 perducere,
2032 2218 2273 2276 operam
2318 2217 2513 2257 meam
2561 2219 2721 2257 nunc
2767 2199 3010 2277 quidem

302 2304 625 2364 artioribus
718 2304 1012 2362 limitibus
1090 2306 1176 2363 ita
1251 2303 1705 2383 circumscripsi,
1794 2313 1862 2362 ut
1935 2302 2047 2362 hoc
2123 2303 2329 2362 libello
2407 2304 2642 2363 cantica
2716 2303 3009 2383 Aeschyli

300 2403 759 2489 Sophoclisque',
839 2409 941 2488 qui
1017 2409 1192 2468 ambo
1269 2428 1560 2468 summam
1637 2410 1810 2468 nobis
1883 2416 2338 2487 repraesentant
2412 2409 2556 2467 artis
2630 2408 3009 2488 rhythmicae

304 2516 762 2595 perfectionem,
809 2515 871 2572 in
922 2514 1420 2593 disceptationem
1450 2534 1752 2585 vocarem,
1799 2515 2180 2592 ingruentem
2211 2534 2354 2573 vero
2399 2514 2578 2573 huius
2625 2515 2769 2574 artis
2809 2514 3007 2573 labem

299 2618 762 2694 inlustrandam,
812 2639 966 2697 quae
1010 2620 1130 2677 iam
1177 2621 1238 2678 in
1266 2619 1580 2699 Euripidis
1627 2640 1757 2679 sese
1805 2618 2004 2679 obfert
2047 2618 2288 2694 fabulis,
2335 2619 2397 2677 in
2443 2621 2739 2698 posterius
2776 2628 3011 2699 tempus

304 2744 711 2786 reservarem.

483 2831 665 2889 Nunc
709 2830 897 2908 igitur
940 2829 1311 2907 provinciam
1362 2849 1556 2888 meam
1589 2829 1678 2886 ita
1710 2827 2246 2887 administrandam
2277 2829 2559 2908 suscipio,
2606 2838 2673 2887 ut
2704 2828 3006 2888 scribendi

313 2936 679 3016 principium
726 2954 958 2993 sumam
993 2953 1028 2991 a
1059 2934 1440 2993 recensendis
1470 2933 1641 2992 libris
1674 2933 1960 3005 virorum,
2012 2934 2115 3010 qui
2161 2932 2275 2991 hoc
2319 2934 2558 2992 saeculo
2608 2933 2682 2991 de
2729 2954 3012 2992 mensura

302 3042 555 3100 trisema
601 3046 872 3118 egerunt.
933 3059 1056 3118 qua
1117 3040 1179 3097 in
1243 3058 1309 3097 re
1379 3036 1743 3117 exponenda
1788 3039 1838 3095 si
1883 3037 2122 3115 longior
2169 3057 2297 3096 esse
2343 3037 2613 3112 videbor,
2663 3040 3007 3097 memineris

307 3166 532 3225 quaeso
579 3144 644 3203 id
689 3146 917 3203 factum
963 3164 1109 3218 esse,
1157 3163 1235 3202 ne
1279 3146 1342 3202 in
1390 3145 1523 3223 ipsa
1571 3142 1979 3222 disputatione
2024 3143 2239 3201 iterum
2286 3141 2626 3221 iterumque
2672 3146 3008 3203 sententiae

307 3250 690 3310 adversariae
735 3250 1304 3328 perstringerentur.
1354 3258 1414 3308 et
1458 3249 1719 3328 primum
1767 3245 2011 3326 quidem
2059 3245 2136 3305 de
2182 3247 2348 3325 pleni
2380 3246 2552 3325 pedis
2583 3247 3008 3327 longitudinis-

308 3376 422 3434 que
481 3356 763 3415 trisemae
823 3356 1210 3433 responsione
1269 3354 1706 3433 antistrophica
1753 3361 1898 3427 (--υ
1926 3377 1937 3405 =
1968 3348 2083 3434 ¹—),
2133 3351 2354 3411 deinde
2402 3350 2479 3410 de
2522 3353 2892 3431 syllabarum
2950 3355 3014 3411 in

308 3469 695 3521 tetrasemam
742 3460 1184 3538 longitudinem
1241 3459 1668 3538 productarum
1725 3480 1836 3519 usu
1893 3458 2201 3518 disseram.
2265 3458 2474 3537 paucis
2533 3458 2792 3538 denique
2837 3480 3011 3538 prae-

305 3565 500 3624 missis
559 3563 633 3623 de
689 3564 1062 3643 paenultima
1122 3584 1402 3623 versuum
1452 3566 1515 3623 in
1577 3565 1864 3624 trochaeo
1929 3564 2029 3623 vel
2090 3562 2360 3643 spondeo
2409 3562 2814 3623 desinentium
2878 3586 3014 3644 pro-

310 3668 585 3729 ducenda
647 3669 976 3728 novissima
1039 3677 1212 3748 parte
1279 3670 1443 3727 locos
1491 3671 1653 3748 ipsos
1703 3668 1911 3729 ordine
1958 3667 2280 3746 dispositos
2326 3667 2747 3747 suppeditabo,
2797 3669 3015 3748 quibus

313 3796 428 3853 quo
474 3774 652 3833 modo
685 3776 749 3832 in
780 3776 1041 3833 trisemis
1074 3774 1437 3853 usurpandis
1469 3774 2033 3853 rhythmizomenon
2070 3794 2201 3832 cum
2239 3772 2521 3851 rhythmo
2556 3774 3015 3833 conciliaverint

310 3889 541 3957 poetae,
593 3879 846 3940 eluceat.

480 3983 554 4041 In
603 3983 875 4043 versibus
922 3983 1287 4062 Aeschyleis
1357 3982 1703 4042 adferendis
1770 3983 2273 4042 excellentissima
2337 4002 2480 4043 usus
2548 4002 2678 4041 sum
2746 3981 3013 4041 editione

313 4088 756 4161 Weckliniana,
825 4089 1095 4149 Berolini
1167 4092 1330 4148 1885
1396 4089 1461 4147 in
1521 4089 1722 4147 lucem
1789 4091 2021 4161 emissa,
2101 4109 2255 4168 quae
2321 4109 2391 4148 eo
2458 4087 2670 4147 ceteris
2737 4086 3012 4146 omnibus

317 4201 618 4270 praestare
707 4193 855 4251 mihi
944 4193 1203 4267 videtur,
1297 4193 1456 4273 quod
1564 4194 2012 4272 religiosissime
2104 4193 2180 4252 ad
2273 4191 2673 4271 antiquissimi
2755 4190 3019 4250 Medicei

524 4350 560 4410 ¹)
597 4350 683 4398 De
728 4321 1007 4412 ,trisemis’
1044 4349 1244 4416 ubique
1289 4349 1479 4416 loquor
1525 4349 1745 4415 syllabis
1793 4350 1947 4415 quasi
1994 4365 2049 4413 ,e
2095 4348 2334 4415 potiori’,
2389 4345 2532 4411 quod
2578 4346 2680 4396 hae
2718 4348 2832 4396 fere
2871 4347 3017 4398 solae

325 4437 376 4485 in
412 4452 515 4487 usu
550 4437 717 4488 fuisse
753 4436 1016 4488 videntur.

523 4523 565 4588 2)
601 4525 687 4574 De
725 4525 861 4575 thesi
898 4529 951 4575 et
985 4526 1092 4575 arsi
1129 4542 1336 4591 semper
1374 4542 1455 4590 e0,
1494 4540 1598 4591 quo
1638 4525 1881 4589 Bentley,
1919 4541 2080 4575 sensu
2116 4524 2321 4589 loquar.
