<?xml version="1.0" encoding="UTF-8"?>
<!DOCTYPE html PUBLIC "-//W3C//DTD XHTML 1.0 Transitional//EN"
    "http://www.w3.org/TR/xhtml1/DTD/xhtml1-transitional.dtd">
<html xmlns="http://www.w3.org/1999/xhtml" xml:lang="en" lang="en">
 <head>
  <title>
</title>
<meta http-equiv="Content-Type" content="text/html;charset=utf-8" />
  <meta name='ocr-system' content='tesseract 3.04.00' />
  <meta name='ocr-capabilities' content='ocr_page ocr_carea ocr_par ocr_line ocrx_word'/>
</head>
<body>
  <div class='ocr_page' id='page_1' title='image "./dissertationesp07wiengoog_0183.png"; bbox 0 0 3300 5059; ppageno 0'>
   <div class='ocr_carea' id='block_1_1' title="bbox 152 219 214 280">
    <p class='ocr_par' dir='ltr' id='par_1_1' title="bbox 152 219 214 280">
     <span class='ocr_line' id='line_1_1' title="bbox 152 219 214 280; baseline 0.016 -2"><span class='ocrx_word' id='word_1_1' title='bbox 152 219 214 280; x_wconf 85' lang='lat'><strong>1⁷0</strong></span> 
     </span>
    </p>
   </div>
   <div class='ocr_carea' id='block_1_2' title="bbox 150 409 1506 2903">
    <p class='ocr_par' dir='ltr' id='par_1_2' title="bbox 150 409 1500 912">
     <span class='ocr_line' id='line_1_2' title="bbox 237 409 558 469; baseline 0 0"><span class='ocrx_word' id='word_1_2' title='bbox 237 410 285 469; x_wconf 80' lang='lat' dir='ltr'><strong>El.</strong></span> <span class='ocrx_word' id='word_1_3' title='bbox 313 409 558 469; x_wconf 71' lang='lat'>1244=12652</span> 
     </span>
     <span class='ocr_line' id='line_1_3' title="bbox 193 510 1499 598; baseline 0.001 -24"><span class='ocrx_word' id='word_1_4' title='bbox 193 523 245 575; x_wconf 89' lang='lat' dir='ltr'><strong>str.</strong></span> <span class='ocrx_word' id='word_1_5' title='bbox 270 515 331 597; x_wconf 83' lang='grc' dir='ltr'><strong><em>ὅροι</em></strong></span> <span class='ocrx_word' id='word_1_6' title='bbox 353 536 389 597; x_wconf 79' lang='grc' dir='ltr'><strong>γε</strong></span> <span class='ocrx_word' id='word_1_7' title='bbox 411 513 534 596; x_wconf 78' lang='grc' dir='ltr'><strong><em>μὲνδὴ</em></strong></span> <span class='ocrx_word' id='word_1_8' title='bbox 557 514 618 576; x_wconf 82' lang='grc' dir='ltr'><strong>κάν</strong></span> <span class='ocrx_word' id='word_1_9' title='bbox 640 510 788 595; x_wconf 73' lang='grc' dir='ltr'><strong><em>γυναιξὶν</em></strong></span> <span class='ocrx_word' id='word_1_10' title='bbox 811 512 855 589; x_wconf 81' lang='grc' dir='ltr'><strong>ὡς</strong></span> <span class='ocrx_word' id='word_1_11' title='bbox 877 517 968 598; x_wconf 80' lang='grc' dir='ltr'><strong><em>Ἄρης</em></strong></span> <span class='ocrx_word' id='word_1_12' title='bbox 1033 544 1433 577; x_wconf 38' lang='lat' dir='ltr'><strong>cah-„noano-</strong></span> <span class='ocrx_word' id='word_1_13' title='bbox 1496 540 1499 546; x_wconf 95' lang='lat'>·</span> 
     </span>
     <span class='ocr_line' id='line_1_4' title="bbox 183 615 1432 701; baseline 0.003 -23"><span class='ocrx_word' id='word_1_14' title='bbox 183 629 243 679; x_wconf 87' lang='lat' dir='ltr'><strong>ant.</strong></span> <span class='ocrx_word' id='word_1_15' title='bbox 267 620 331 681; x_wconf 62' lang='grc' dir='ltr'><strong>τότ’</strong></span> <span class='ocrx_word' id='word_1_16' title='bbox 348 615 442 696; x_wconf 75' lang='grc' dir='ltr'><strong><em>εἶδες,</em></strong></span> <span class='ocrx_word' id='word_1_17' title='bbox 456 618 518 690; x_wconf 81' lang='grc' dir='ltr'><strong>,ὅτε</strong></span> <span class='ocrx_word' id='word_1_18' title='bbox 539 618 617 681; x_wconf 79' lang='grc' dir='ltr'><strong><em>θεοί</em></strong></span> <span class='ocrx_word' id='word_1_19' title='bbox 635 621 668 700; x_wconf 81' lang='grc' dir='ltr'><strong>μ’</strong></span> <span class='ocrx_word' id='word_1_20' title='bbox 685 620 835 701; x_wconf 79' lang='grc' dir='ltr'><strong><em>ὤτρυνον</em></strong></span> <span class='ocrx_word' id='word_1_21' title='bbox 856 622 977 701; x_wconf 81' lang='grc' dir='ltr'><strong><em>μολεῖν.</em></strong></span> <span class='ocrx_word' id='word_1_22' title='bbox 1031 657 1047 679; x_wconf 70' lang='grc' dir='ltr'><strong>υ</strong></span> <span class='ocrx_word' id='word_1_23' title='bbox 1070 651 1076 668; x_wconf 61' lang='grc' dir='ltr'><strong><em>ι</em></strong></span> <span class='ocrx_word' id='word_1_24' title='bbox 1097 657 1113 679; x_wconf 70' lang='grc' dir='ltr'><strong>υ</strong></span> <span class='ocrx_word' id='word_1_25' title='bbox 1136 657 1181 679; x_wconf 53' lang='lat' dir='ltr'><strong>ew</strong></span> <span class='ocrx_word' id='word_1_26' title='bbox 1209 653 1256 681; x_wconf 64' lang='grc' dir='ltr'><strong>υ.</strong></span> <span class='ocrx_word' id='word_1_27' title='bbox 1272 652 1432 683; x_wconf 54' lang='lat' dir='ltr'><strong>nav-</strong></span> 
     </span>
     <span class='ocr_line' id='line_1_5' title="bbox 150 724 1500 812; baseline -0.003 -23"><span class='ocrx_word' id='word_1_28' title='bbox 150 725 228 789; x_wconf 77' lang='grc' dir='ltr'><strong><em>θεοί</em></strong></span> <span class='ocrx_word' id='word_1_29' title='bbox 256 725 411 805; x_wconf 90' lang='lat' dir='ltr'><strong>aptissime</strong></span> <span class='ocrx_word' id='word_1_30' title='bbox 447 732 517 785; x_wconf 91' lang='lat' dir='ltr'><strong>tone</strong></span> <span class='ocrx_word' id='word_1_31' title='bbox 554 724 719 783; x_wconf 86' lang='lat' dir='ltr'><strong>intenditur</strong></span> <span class='ocrx_word' id='word_1_32' title='bbox 762 734 795 782; x_wconf 92' lang='lat' dir='ltr'><strong>ut</strong></span> <span class='ocrx_word' id='word_1_33' title='bbox 832 724 957 785; x_wconf 88' lang='lat' dir='ltr'><strong>verbum</strong></span> <span class='ocrx_word' id='word_1_34' title='bbox 994 726 1205 804; x_wconf 81' lang='lat' dir='ltr'><strong>gravissimum</strong></span> <span class='ocrx_word' id='word_1_35' title='bbox 1243 724 1293 808; x_wconf 84' lang='lat' dir='ltr'><strong>(ci.</strong></span> <span class='ocrx_word' id='word_1_36' title='bbox 1329 747 1358 785; x_wconf 91' lang='lat' dir='ltr'><strong>v.</strong></span> <span class='ocrx_word' id='word_1_37' title='bbox 1393 724 1500 812; x_wconf 76' lang='lat'>1266).</span> 
     </span>
     <span class='ocr_line' id='line_1_6' title="bbox 151 827 1074 912; baseline 0.001 -22"><span class='ocrx_word' id='word_1_38' title='bbox 151 830 278 890; x_wconf 79' lang='lat' dir='ltr'><strong>editores</strong></span> <span class='ocrx_word' id='word_1_39' title='bbox 302 848 404 889; x_wconf 93' lang='lat' dir='ltr'><strong>omnes</strong></span> <span class='ocrx_word' id='word_1_40' title='bbox 428 849 494 888; x_wconf 88' lang='lat' dir='ltr'><strong>eum</strong></span> <span class='ocrx_word' id='word_1_41' title='bbox 517 828 643 888; x_wconf 86' lang='lat' dir='ltr'><strong>Reiskio</strong></span> <span class='ocrx_word' id='word_1_42' title='bbox 666 827 859 912; x_wconf 78' lang='grc' dir='ltr'><strong><em>ἐπώτρυναν</em></strong></span> <span class='ocrx_word' id='word_1_43' title='bbox 882 831 1074 909; x_wconf 82' lang='lat' dir='ltr'><strong>scripserunt.</strong></span> 
     </span>
    </p>

    <p class='ocr_par' dir='ltr' id='par_1_3' title="bbox 150 933 1501 1225">
     <span class='ocr_line' id='line_1_7' title="bbox 241 933 1501 1017; baseline 0.001 -23"><span class='ocrx_word' id='word_1_44' title='bbox 241 934 481 1013; x_wconf 90' lang='lat' dir='ltr'><strong>Responsionem</strong></span> <span class='ocrx_word' id='word_1_45' title='bbox 519 933 612 993; x_wconf 87' lang='lat' dir='ltr'><strong>talem</strong></span> <span class='ocrx_word' id='word_1_46' title='bbox 650 934 682 992; x_wconf 97' lang='lat' dir='ltr'><strong>in</strong></span> <span class='ocrx_word' id='word_1_47' title='bbox 720 933 902 993; x_wconf 90' lang='lat' dir='ltr'><strong>dochmiacis</strong></span> <span class='ocrx_word' id='word_1_48' title='bbox 933 935 1071 995; x_wconf 87' lang='lat' dir='ltr'><strong>versibus</strong></span> <span class='ocrx_word' id='word_1_49' title='bbox 1103 944 1309 995; x_wconf 86' lang='lat' dir='ltr'><strong>occurrentem</strong></span> <span class='ocrx_word' id='word_1_50' title='bbox 1341 936 1382 1017; x_wconf 87' lang='lat' dir='ltr'><strong>(v.</strong></span> <span class='ocrx_word' id='word_1_51' title='bbox 1411 957 1501 1016; x_wconf 86' lang='lat' dir='ltr'><strong>supra</strong></span> 
     </span>
     <span class='ocr_line' id='line_1_8' title="bbox 150 1033 1500 1125; baseline 0.001 -27"><span class='ocrx_word' id='word_1_52' title='bbox 150 1039 201 1098; x_wconf 85' lang='lat' dir='ltr'><strong>Ai.</strong></span> <span class='ocrx_word' id='word_1_53' title='bbox 220 1041 281 1099; x_wconf 82' lang='lat'><strong>364</strong></span> <span class='ocrx_word' id='word_1_54' title='bbox 294 1065 336 1091; x_wconf 87' lang='lat'><strong><em>=</em></strong></span> <span class='ocrx_word' id='word_1_55' title='bbox 349 1033 426 1119; x_wconf 85' lang='lat'>379)</span> <span class='ocrx_word' id='word_1_56' title='bbox 450 1039 511 1097; x_wconf 89' lang='lat' dir='ltr'><strong>iam</strong></span> <span class='ocrx_word' id='word_1_57' title='bbox 533 1039 728 1098; x_wconf 87' lang='lat' dir='ltr'><strong>Bellermann</strong></span> <span class='ocrx_word' id='word_1_58' title='bbox 751 1037 822 1121; x_wconf 76' lang='lat' dir='ltr'><strong>(Le.</strong></span> <span class='ocrx_word' id='word_1_59' title='bbox 837 1060 867 1118; x_wconf 90' lang='lat' dir='ltr'><strong>p.</strong></span> <span class='ocrx_word' id='word_1_60' title='bbox 880 1036 935 1119; x_wconf 78' lang='lat'><strong>40)</strong></span> <span class='ocrx_word' id='word_1_61' title='bbox 958 1049 988 1100; x_wconf 88' lang='lat' dir='ltr'><strong>et</strong></span> <span class='ocrx_word' id='word_1_62' title='bbox 1004 1039 1176 1101; x_wconf 84' lang='lat' dir='ltr'><strong>Goldmann</strong></span> <span class='ocrx_word' id='word_1_63' title='bbox 1200 1037 1234 1123; x_wconf 86' lang='lat' dir='ltr'><strong>(l.</strong></span> <span class='ocrx_word' id='word_1_64' title='bbox 1252 1060 1276 1102; x_wconf 88' lang='lat' dir='ltr'><strong>c.</strong></span> <span class='ocrx_word' id='word_1_65' title='bbox 1294 1061 1324 1120; x_wconf 87' lang='lat' dir='ltr'><strong>p.</strong></span> <span class='ocrx_word' id='word_1_66' title='bbox 1343 1044 1384 1105; x_wconf 86' lang='lat'><strong>70</strong></span> <span class='ocrx_word' id='word_1_67' title='bbox 1399 1050 1429 1101; x_wconf 88' lang='lat' dir='ltr'><strong>et</strong></span> <span class='ocrx_word' id='word_1_68' title='bbox 1444 1036 1500 1125; x_wconf 87' lang='grc'><strong>79)</strong></span> 
     </span>
     <span class='ocr_line' id='line_1_9' title="bbox 153 1142 1009 1225; baseline 0.001 -22"><span class='ocrx_word' id='word_1_69' title='bbox 153 1144 394 1204; x_wconf 79' lang='lat' dir='ltr'><strong>demonstrarunt</strong></span> <span class='ocrx_word' id='word_1_70' title='bbox 416 1143 537 1223; x_wconf 87' lang='lat' dir='ltr'><strong>duoque</strong></span> <span class='ocrx_word' id='word_1_71' title='bbox 560 1142 733 1203; x_wconf 83' lang='lat' dir='ltr'><strong>adtulerunt</strong></span> <span class='ocrx_word' id='word_1_72' title='bbox 755 1145 895 1225; x_wconf 90' lang='lat' dir='ltr'><strong>exempla</strong></span> <span class='ocrx_word' id='word_1_73' title='bbox 919 1146 1009 1205; x_wconf 86' lang='lat' dir='ltr'><strong>haec:</strong></span> 
     </span>
    </p>

    <p class='ocr_par' dir='ltr' id='par_1_4' title="bbox 240 1247 524 1311">
     <span class='ocr_line' id='line_1_10' title="bbox 240 1247 524 1311; baseline -0.004 -3"><span class='ocrx_word' id='word_1_74' title='bbox 240 1247 291 1310; x_wconf 83' lang='grc' dir='ltr'><strong>Αἰ.</strong></span> <span class='ocrx_word' id='word_1_75' title='bbox 316 1251 378 1309; x_wconf 87' lang='grc'><strong>879</strong></span> <span class='ocrx_word' id='word_1_76' title='bbox 391 1276 433 1301; x_wconf 92' lang='lat'>=</span> <span class='ocrx_word' id='word_1_77' title='bbox 447 1251 524 1311; x_wconf 80' lang='lat'><strong>925:</strong></span> 
     </span>
    </p>

    <p class='ocr_par' dir='ltr' id='par_1_5' title="bbox 193 1352 1281 1439">
     <span class='ocr_line' id='line_1_11' title="bbox 193 1352 1281 1439; baseline 0.003 -26"><span class='ocrx_word' id='word_1_78' title='bbox 193 1363 244 1416; x_wconf 90' lang='lat' dir='ltr'><strong>str.</strong></span> <span class='ocrx_word' id='word_1_79' title='bbox 267 1355 316 1428; x_wconf 80' lang='grc' dir='ltr'><strong>τίς</strong></span> <span class='ocrx_word' id='word_1_80' title='bbox 338 1354 379 1416; x_wconf 82' lang='grc' dir='ltr'><strong>ἂν</strong></span> <span class='ocrx_word' id='word_1_81' title='bbox 401 1354 441 1436; x_wconf 82' lang='grc' dir='ltr'><strong>δή</strong></span> <span class='ocrx_word' id='word_1_82' title='bbox 463 1376 530 1435; x_wconf 80' lang='grc' dir='ltr'><strong><em>μοι,</em></strong></span> <span class='ocrx_word' id='word_1_83' title='bbox 552 1355 601 1427; x_wconf 79' lang='grc' dir='ltr'><strong>τίς</strong></span> <span class='ocrx_word' id='word_1_84' title='bbox 622 1352 664 1415; x_wconf 85' lang='grc' dir='ltr'><strong>ἂν</strong></span> <span class='ocrx_word' id='word_1_85' title='bbox 686 1357 877 1435; x_wconf 77' lang='grc' dir='ltr'><strong><em>φιλοπόνων</em></strong></span> <span class='ocrx_word' id='word_1_86' title='bbox 926 1389 1044 1417; x_wconf 41' lang='grc' dir='ltr'><strong>σψ-</strong></span> <span class='ocrx_word' id='word_1_87' title='bbox 1062 1394 1161 1439; x_wconf 62' lang='lat' dir='ltr'><strong>-‚o-</strong></span> <span class='ocrx_word' id='word_1_88' title='bbox 1219 1394 1235 1415; x_wconf 59' lang='lat' dir='ltr'><strong>a</strong></span> <span class='ocrx_word' id='word_1_89' title='bbox 1256 1408 1281 1416; x_wconf 88' lang='lat'><strong>-</strong></span> 
     </span>
    </p>

    <p class='ocr_par' dir='ltr' id='par_1_6' title="bbox 153 1457 983 1645">
     <span class='ocr_line' id='line_1_12' title="bbox 183 1457 819 1542; baseline 0.005 -24"><span class='ocrx_word' id='word_1_90' title='bbox 183 1468 244 1519; x_wconf 90' lang='lat' dir='ltr'><strong>ant.</strong></span> <span class='ocrx_word' id='word_1_91' title='bbox 269 1457 404 1540; x_wconf 73' lang='grc' dir='ltr'><strong>ἔμελλες,</strong></span> <span class='ocrx_word' id='word_1_92' title='bbox 426 1460 534 1538; x_wconf 67' lang='grc' dir='ltr'><em>τάλας,</em></span> <span class='ocrx_word' id='word_1_93' title='bbox 557 1457 682 1540; x_wconf 80' lang='grc' dir='ltr'><strong><em>ἔμελλες</em></strong></span> <span class='ocrx_word' id='word_1_94' title='bbox 703 1460 819 1542; x_wconf 79' lang='grc' dir='ltr'><strong><em>χρόνῳ.</em></strong></span> 
     </span>
     <span class='ocr_line' id='line_1_13' title="bbox 153 1562 983 1645; baseline 0.001 -21"><span class='ocrx_word' id='word_1_95' title='bbox 153 1585 220 1625; x_wconf 93' lang='lat' dir='ltr'><strong>cum</strong></span> <span class='ocrx_word' id='word_1_96' title='bbox 243 1565 420 1623; x_wconf 81' lang='lat' dir='ltr'><strong>Hermanno</strong></span> <span class='ocrx_word' id='word_1_97' title='bbox 444 1562 605 1622; x_wconf 90' lang='lat' dir='ltr'><strong>ediderunt</strong></span> <span class='ocrx_word' id='word_1_98' title='bbox 628 1582 731 1622; x_wconf 93' lang='lat' dir='ltr'><strong>omnes</strong></span> <span class='ocrx_word' id='word_1_99' title='bbox 754 1563 834 1644; x_wconf 74' lang='grc' dir='ltr'><strong>δῆτα</strong></span> <span class='ocrx_word' id='word_1_100' title='bbox 856 1585 911 1644; x_wconf 89' lang='lat' dir='ltr'><strong>pro</strong></span> <span class='ocrx_word' id='word_1_101' title='bbox 935 1564 983 1645; x_wconf 79' lang='grc' dir='ltr'><strong>δή.</strong></span> 
     </span>
    </p>

    <p class='ocr_par' dir='ltr' id='par_1_7' title="bbox 239 1667 608 1734">
     <span class='ocr_line' id='line_1_14' title="bbox 239 1667 608 1734; baseline -0.003 -4"><span class='ocrx_word' id='word_1_102' title='bbox 239 1667 276 1734; x_wconf 92' lang='grc' dir='ltr'><strong>Ο.</strong></span> <span class='ocrx_word' id='word_1_103' title='bbox 300 1670 337 1729; x_wconf 88' lang='lat' dir='ltr'><strong>R.</strong></span> <span class='ocrx_word' id='word_1_104' title='bbox 363 1671 608 1729; x_wconf 79' lang='lat'>1315=1323:</span> 
     </span>
    </p>

    <p class='ocr_par' dir='ltr' id='par_1_8' title="bbox 194 1774 1296 1857">
     <span class='ocr_line' id='line_1_15' title="bbox 194 1774 1296 1857; baseline -0.002 -22"><span class='ocrx_word' id='word_1_105' title='bbox 194 1783 246 1837; x_wconf 72' lang='lat' dir='ltr'><strong>atr,</strong></span> <span class='ocrx_word' id='word_1_106' title='bbox 269 1774 457 1855; x_wconf 76' lang='grc' dir='ltr'><strong><em>ἀδάμαστόν</em></strong></span> <span class='ocrx_word' id='word_1_107' title='bbox 478 1774 589 1837; x_wconf 79' lang='grc' dir='ltr'><strong><em>τεκαὶ</em></strong></span> <span class='ocrx_word' id='word_1_108' title='bbox 611 1774 828 1857; x_wconf 79' lang='grc' dir='ltr'><strong><em>δνσούριστον</em></strong></span> <span class='ocrx_word' id='word_1_109' title='bbox 933 1812 963 1834; x_wconf 62' lang='lat' dir='ltr'>w</span> <span class='ocrx_word' id='word_1_110' title='bbox 983 1826 1000 1834; x_wconf 82' lang='grc'>-</span> <span class='ocrx_word' id='word_1_111' title='bbox 1016 1828 1039 1834; x_wconf 89' lang='grc'>-</span> <span class='ocrx_word' id='word_1_112' title='bbox 1053 1814 1069 1833; x_wconf 62' lang='grc' dir='ltr'><strong><em>ι</em></strong></span> <span class='ocrx_word' id='word_1_113' title='bbox 1082 1826 1114 1856; x_wconf 68' lang='lat'><strong>..‚</strong></span> <span class='ocrx_word' id='word_1_114' title='bbox 1129 1812 1144 1832; x_wconf 66' lang='grc' dir='ltr'><strong><em>ι</em></strong></span> <span class='ocrx_word' id='word_1_115' title='bbox 1158 1826 1181 1833; x_wconf 70' lang='grc'>,</span> <span class='ocrx_word' id='word_1_116' title='bbox 1204 1806 1250 1833; x_wconf 78' lang='grc' dir='ltr'><strong>ι..</strong></span> <span class='ocrx_word' id='word_1_117' title='bbox 1271 1826 1296 1833; x_wconf 76' lang='lat'><em>-</em></span> 
     </span>
    </p>

    <p class='ocr_par' dir='ltr' id='par_1_9' title="bbox 150 1878 1503 2379">
     <span class='ocr_line' id='line_1_16' title="bbox 185 1878 1294 1962; baseline 0.002 -25"><span class='ocrx_word' id='word_1_118' title='bbox 185 1888 247 1938; x_wconf 87' lang='lat' dir='ltr'><strong>ant.</strong></span> <span class='ocrx_word' id='word_1_119' title='bbox 269 1878 442 1961; x_wconf 81' lang='grc' dir='ltr'><strong><em>ὑπομένεις</em></strong></span> <span class='ocrx_word' id='word_1_120' title='bbox 463 1900 502 1960; x_wconf 87' lang='grc' dir='ltr'><strong>με</strong></span> <span class='ocrx_word' id='word_1_121' title='bbox 524 1879 582 1942; x_wconf 87' lang='grc' dir='ltr'><strong>τὸν</strong></span> <span class='ocrx_word' id='word_1_122' title='bbox 603 1878 728 1960; x_wconf 78' lang='grc' dir='ltr'><strong><em>τυφλὸν</em></strong></span> <span class='ocrx_word' id='word_1_123' title='bbox 750 1878 899 1960; x_wconf 76' lang='grc' dir='ltr'><strong><em>κηδεύων</em></strong></span> <span class='ocrx_word' id='word_1_124' title='bbox 901 1916 1103 1941; x_wconf 64' lang='grc'><strong>......</strong></span> <span class='ocrx_word' id='word_1_125' title='bbox 1105 1940 1111 1962; x_wconf 72' lang='lat'>‚</span> <span class='ocrx_word' id='word_1_126' title='bbox 1124 1917 1294 1939; x_wconf 66' lang='grc'>.....</span> 
     </span>
     <span class='ocr_line' id='line_1_17' title="bbox 152 1982 1503 2065; baseline -0.003 -19"><span class='ocrx_word' id='word_1_127' title='bbox 152 1984 191 2046; x_wconf 90' lang='grc' dir='ltr'><strong>ὂν</strong></span> <span class='ocrx_word' id='word_1_128' title='bbox 224 1994 293 2065; x_wconf 87' lang='lat' dir='ltr'><strong>post</strong></span> <span class='ocrx_word' id='word_1_129' title='bbox 324 1984 542 2065; x_wconf 79' lang='grc' dir='ltr'><strong><em>ὃνσούριστον</em></strong></span> <span class='ocrx_word' id='word_1_130' title='bbox 574 1982 691 2042; x_wconf 87' lang='lat' dir='ltr'><strong>addidit</strong></span> <span class='ocrx_word' id='word_1_131' title='bbox 716 1986 828 2057; x_wconf 86' lang='lat' dir='ltr'><strong>Herm,</strong></span> <span class='ocrx_word' id='word_1_132' title='bbox 857 1983 966 2043; x_wconf 84' lang='lat' dir='ltr'><strong>Nauck</strong></span> <span class='ocrx_word' id='word_1_133' title='bbox 996 1982 1233 2045; x_wconf 78' lang='grc' dir='ltr'><strong><em>δοσοιώνιστον</em></strong></span> <span class='ocrx_word' id='word_1_134' title='bbox 1264 1982 1400 2042; x_wconf 90' lang='lat' dir='ltr'><strong>coniecit.</strong></span> <span class='ocrx_word' id='word_1_135' title='bbox 1432 1982 1503 2043; x_wconf 84' lang='lat' dir='ltr'><strong>Gla·</strong></span> 
     </span>
     <span class='ocr_line' id='line_1_18' title="bbox 152 2086 1502 2168; baseline -0.001 -19"><span class='ocrx_word' id='word_1_136' title='bbox 152 2089 249 2149; x_wconf 89' lang='lat' dir='ltr'><strong>ditsch</strong></span> <span class='ocrx_word' id='word_1_137' title='bbox 280 2108 361 2147; x_wconf 88' lang='lat' dir='ltr'><strong>nune</strong></span> <span class='ocrx_word' id='word_1_138' title='bbox 383 2088 486 2147; x_wconf 81' lang='lat' dir='ltr'><strong>scribit</strong></span> <span class='ocrx_word' id='word_1_139' title='bbox 520 2087 695 2151; x_wconf 80' lang='grc' dir='ltr'><strong><em>δύσοιστον</em></strong></span> <span class='ocrx_word' id='word_1_140' title='bbox 721 2088 888 2166; x_wconf 74' lang='grc' dir='ltr'><strong>(κακόν),</strong></span> <span class='ocrx_word' id='word_1_141' title='bbox 920 2108 988 2147; x_wconf 90' lang='lat' dir='ltr'><strong>cum</strong></span> <span class='ocrx_word' id='word_1_142' title='bbox 1014 2097 1104 2147; x_wconf 86' lang='lat' dir='ltr'><strong>antea</strong></span> <span class='ocrx_word' id='word_1_143' title='bbox 1129 2087 1233 2167; x_wconf 81' lang='lat' dir='ltr'><strong>(Soph.</strong></span> <span class='ocrx_word' id='word_1_144' title='bbox 1259 2086 1316 2150; x_wconf 86' lang='lat' dir='ltr'><strong>Str.</strong></span> <span class='ocrx_word' id='word_1_145' title='bbox 1340 2087 1366 2163; x_wconf 88' lang='grc' dir='ltr'><strong>Ι,</strong></span> <span class='ocrx_word' id='word_1_146' title='bbox 1395 2109 1425 2168; x_wconf 90' lang='lat' dir='ltr'><strong>p.</strong></span> <span class='ocrx_word' id='word_1_147' title='bbox 1450 2091 1502 2163; x_wconf 82' lang='lat'><strong>24)</strong></span> 
     </span>
     <span class='ocr_line' id='line_1_19' title="bbox 152 2190 1501 2279; baseline -0.002 -23"><span class='ocrx_word' id='word_1_148' title='bbox 152 2190 404 2279; x_wconf 80' lang='grc' dir='ltr'><strong><em>ὃνσεξούριστον</em></strong></span> <span class='ocrx_word' id='word_1_149' title='bbox 427 2192 690 2267; x_wconf 80' lang='lat' dir='ltr'><strong>commendaverit,</strong></span> <span class='ocrx_word' id='word_1_150' title='bbox 718 2193 798 2271; x_wconf 91' lang='lat' dir='ltr'><strong>quod</strong></span> <span class='ocrx_word' id='word_1_151' title='bbox 823 2194 883 2251; x_wconf 88' lang='lat' dir='ltr'><strong>iam</strong></span> <span class='ocrx_word' id='word_1_152' title='bbox 911 2214 930 2251; x_wconf 92' lang='lat' dir='ltr'><strong>a</strong></span> <span class='ocrx_word' id='word_1_153' title='bbox 942 2192 1107 2272; x_wconf 84' lang='lat' dir='ltr'><strong>Blaydesio</strong></span> <span class='ocrx_word' id='word_1_154' title='bbox 1125 2193 1292 2253; x_wconf 91' lang='lat' dir='ltr'><strong>coniectum</strong></span> <span class='ocrx_word' id='word_1_155' title='bbox 1311 2192 1418 2252; x_wconf 89' lang='lat' dir='ltr'><strong>iterum</strong></span> <span class='ocrx_word' id='word_1_156' title='bbox 1434 2214 1501 2272; x_wconf 89' lang='lat' dir='ltr'><strong>pro·</strong></span> 
     </span>
     <span class='ocr_line' id='line_1_20' title="bbox 150 2298 488 2379; baseline -0.012 -20"><span class='ocrx_word' id='word_1_157' title='bbox 150 2302 252 2379; x_wconf 86' lang='lat' dir='ltr'><strong>posuit</strong></span> <span class='ocrx_word' id='word_1_158' title='bbox 278 2298 488 2357; x_wconf 84' lang='lat' dir='ltr'><strong>Wilamowitz.</strong></span> 
     </span>
    </p>

    <p class='ocr_par' dir='ltr' id='par_1_10' title="bbox 153 2400 1506 2903">
     <span class='ocr_line' id='line_1_21' title="bbox 241 2400 1504 2483; baseline 0.001 -21"><span class='ocrx_word' id='word_1_159' title='bbox 241 2404 307 2462; x_wconf 89' lang='lat' dir='ltr'><strong>Iam</strong></span> <span class='ocrx_word' id='word_1_160' title='bbox 323 2401 483 2481; x_wconf 84' lang='lat' dir='ltr'><strong>adgredior</strong></span> <span class='ocrx_word' id='word_1_161' title='bbox 506 2400 545 2459; x_wconf 87' lang='lat' dir='ltr'><strong>ad</strong></span> <span class='ocrx_word' id='word_1_162' title='bbox 568 2402 622 2461; x_wconf 91' lang='lat' dir='ltr'><strong>illa</strong></span> <span class='ocrx_word' id='word_1_163' title='bbox 637 2403 776 2481; x_wconf 86' lang='lat' dir='ltr'><strong>exempla</strong></span> <span class='ocrx_word' id='word_1_164' title='bbox 794 2404 1007 2475; x_wconf 82' lang='lat' dir='ltr'><strong>enumeranda,</strong></span> <span class='ocrx_word' id='word_1_165' title='bbox 1032 2402 1085 2463; x_wconf 92' lang='lat' dir='ltr'><strong>ubi</strong></span> <span class='ocrx_word' id='word_1_166' title='bbox 1101 2405 1175 2461; x_wconf 86' lang='lat' dir='ltr'><strong>arsis</strong></span> <span class='ocrx_word' id='word_1_167' title='bbox 1190 2404 1341 2461; x_wconf 87' lang='lat' dir='ltr'><strong>ternariae</strong></span> <span class='ocrx_word' id='word_1_168' title='bbox 1357 2403 1504 2483; x_wconf 87' lang='lat' dir='ltr'><strong>pedisque</strong></span> 
     </span>
     <span class='ocr_line' id='line_1_22' title="bbox 153 2506 1503 2589; baseline 0.001 -23"><span class='ocrx_word' id='word_1_169' title='bbox 153 2509 238 2589; x_wconf 93' lang='lat' dir='ltr'><strong>pleni</strong></span> <span class='ocrx_word' id='word_1_170' title='bbox 272 2508 426 2586; x_wconf 72' lang='lat' dir='ltr'><strong>responsio</strong></span> <span class='ocrx_word' id='word_1_171' title='bbox 465 2506 683 2587; x_wconf 88' lang='lat' dir='ltr'><strong>antistrophica</strong></span> <span class='ocrx_word' id='word_1_172' title='bbox 719 2507 909 2568; x_wconf 76' lang='lat' dir='ltr'><strong>oblitteretur</strong></span> <span class='ocrx_word' id='word_1_173' title='bbox 944 2529 962 2566; x_wconf 90' lang='lat' dir='ltr'><strong>a</strong></span> <span class='ocrx_word' id='word_1_174' title='bbox 995 2508 1147 2587; x_wconf 89' lang='lat' dir='ltr'><strong>plerisque</strong></span> <span class='ocrx_word' id='word_1_175' title='bbox 1183 2509 1335 2587; x_wconf 82' lang='lat' dir='ltr'><strong>synizesi</strong></span> <span class='ocrx_word' id='word_1_176' title='bbox 1369 2516 1503 2587; x_wconf 86' lang='lat' dir='ltr'><strong>accepta.</strong></span> 
     </span>
     <span class='ocr_line' id='line_1_23' title="bbox 154 2611 1506 2695; baseline 0 -23"><span class='ocrx_word' id='word_1_177' title='bbox 154 2615 256 2691; x_wconf 87' lang='lat' dir='ltr'><strong>itaque</strong></span> <span class='ocrx_word' id='word_1_178' title='bbox 289 2614 372 2692; x_wconf 91' lang='lat' dir='ltr'><strong>optio</strong></span> <span class='ocrx_word' id='word_1_179' title='bbox 403 2611 459 2671; x_wconf 91' lang='lat' dir='ltr'><strong>tibi</strong></span> <span class='ocrx_word' id='word_1_180' title='bbox 494 2613 564 2671; x_wconf 85' lang='lat' dir='ltr'><strong>data</strong></span> <span class='ocrx_word' id='word_1_181' title='bbox 596 2622 650 2695; x_wconf 83' lang='lat' dir='ltr'><strong>est,</strong></span> <span class='ocrx_word' id='word_1_182' title='bbox 690 2622 792 2672; x_wconf 90' lang='lat' dir='ltr'><strong>utrum</strong></span> <span class='ocrx_word' id='word_1_183' title='bbox 829 2634 946 2674; x_wconf 86' lang='lat' dir='ltr'><strong>mecum</strong></span> <span class='ocrx_word' id='word_1_184' title='bbox 985 2614 1139 2693; x_wconf 84' lang='lat' dir='ltr'><strong>responsio</strong></span> <span class='ocrx_word' id='word_1_185' title='bbox 1178 2616 1235 2673; x_wconf 90' lang='lat' dir='ltr'><strong>illa</strong></span> <span class='ocrx_word' id='word_1_186' title='bbox 1273 2614 1329 2673; x_wconf 93' lang='lat' dir='ltr'><strong>tibi</strong></span> <span class='ocrx_word' id='word_1_187' title='bbox 1367 2613 1506 2675; x_wconf 88' lang='lat' dir='ltr'><strong>adrideat</strong></span> 
     </span>
     <span class='ocr_line' id='line_1_24' title="bbox 154 2719 1503 2798; baseline 0.001 -23"><span class='ocrx_word' id='word_1_188' title='bbox 154 2738 192 2775; x_wconf 90' lang='lat' dir='ltr'><strong>an</strong></span> <span class='ocrx_word' id='word_1_189' title='bbox 233 2719 390 2798; x_wconf 83' lang='lat' dir='ltr'><strong>syninesis‚</strong></span> <span class='ocrx_word' id='word_1_190' title='bbox 432 2719 480 2776; x_wconf 90' lang='lat' dir='ltr'><strong>cui</strong></span> <span class='ocrx_word' id='word_1_191' title='bbox 512 2738 567 2797; x_wconf 91' lang='lat' dir='ltr'><strong>per</strong></span> <span class='ocrx_word' id='word_1_192' title='bbox 598 2738 631 2777; x_wconf 92' lang='lat' dir='ltr'><strong>se</strong></span> <span class='ocrx_word' id='word_1_193' title='bbox 663 2719 738 2777; x_wconf 90' lang='lat' dir='ltr'><strong>nibil</strong></span> <span class='ocrx_word' id='word_1_194' title='bbox 771 2719 918 2796; x_wconf 85' lang='lat' dir='ltr'><strong>elegantis</strong></span> <span class='ocrx_word' id='word_1_195' title='bbox 955 2719 1055 2778; x_wconf 90' lang='lat' dir='ltr'><strong>inesse</strong></span> <span class='ocrx_word' id='word_1_196' title='bbox 1092 2728 1213 2798; x_wconf 87' lang='lat' dir='ltr'><strong>reputes</strong></span> <span class='ocrx_word' id='word_1_197' title='bbox 1251 2720 1353 2791; x_wconf 84' lang='lat' dir='ltr'><strong>velim,</strong></span> <span class='ocrx_word' id='word_1_198' title='bbox 1397 2727 1503 2798; x_wconf 82' lang='lat' dir='ltr'><strong>utpote</strong></span> 
     </span>
     <span class='ocr_line' id='line_1_25' title="bbox 155 2821 1505 2903; baseline 0.001 -23"><span class='ocrx_word' id='word_1_199' title='bbox 155 2841 216 2901; x_wconf 88' lang='lat' dir='ltr'><strong>qua</strong></span> <span class='ocrx_word' id='word_1_200' title='bbox 249 2823 308 2893; x_wconf 86' lang='lat' dir='ltr'><strong>,vis</strong></span> <span class='ocrx_word' id='word_1_201' title='bbox 337 2821 490 2882; x_wconf 86' lang='lat' dir='ltr'><strong>adferatur</strong></span> <span class='ocrx_word' id='word_1_202' title='bbox 517 2822 639 2901; x_wconf 87' lang='lat' dir='ltr'><strong>linguae</strong></span> <span class='ocrx_word' id='word_1_203' title='bbox 667 2824 718 2897; x_wconf 89' lang='lat' dir='ltr'><strong>ita,</strong></span> <span class='ocrx_word' id='word_1_204' title='bbox 751 2832 785 2883; x_wconf 94' lang='lat' dir='ltr'><strong>ut</strong></span> <span class='ocrx_word' id='word_1_205' title='bbox 807 2832 925 2883; x_wconf 86' lang='lat' dir='ltr'><strong>tantum</strong></span> <span class='ocrx_word' id='word_1_206' title='bbox 949 2826 1129 2884; x_wconf 79' lang='lat' dir='ltr'><strong>necessitate</strong></span> <span class='ocrx_word' id='word_1_207' title='bbox 1153 2823 1285 2903; x_wconf 88' lang='lat' dir='ltr'><strong>quadam</strong></span> <span class='ocrx_word' id='word_1_208' title='bbox 1308 2824 1405 2883; x_wconf 89' lang='lat' dir='ltr'><strong>coacti</strong></span> <span class='ocrx_word' id='word_1_209' title='bbox 1427 2822 1505 2882; x_wconf 88' lang='lat' dir='ltr'><strong>hanc</strong></span> 
     </span>
    </p>
   </div>
   <div class='ocr_carea' id='block_1_3' title="bbox 151 2926 1504 3221">
    <p class='ocr_par' dir='ltr' id='par_1_11' title="bbox 151 2926 1504 3221">
     <span class='ocr_line' id='line_1_26' title="bbox 151 2926 1503 3011; baseline -0.001 -25"><span class='ocrx_word' id='word_1_210' title='bbox 151 2927 322 2987; x_wconf 88' lang='lat' dir='ltr'><strong>libertatem</strong></span> <span class='ocrx_word' id='word_1_211' title='bbox 345 2928 402 2988; x_wconf 91' lang='lat' dir='ltr'><strong>sibi</strong></span> <span class='ocrx_word' id='word_1_212' title='bbox 421 2926 579 2988; x_wconf 87' lang='lat' dir='ltr'><strong>adsumant</strong></span> <span class='ocrx_word' id='word_1_213' title='bbox 598 2928 732 3009; x_wconf 85' lang='lat' dir='ltr'><strong>poetae’.</strong></span> <span class='ocrx_word' id='word_1_214' title='bbox 761 2927 842 3008; x_wconf 87' lang='lat' dir='ltr'><strong>quod</strong></span> <span class='ocrx_word' id='word_1_215' title='bbox 865 2949 932 2988; x_wconf 91' lang='lat' dir='ltr'><strong>cum</strong></span> <span class='ocrx_word' id='word_1_216' title='bbox 948 2948 986 2988; x_wconf 89' lang='lat' dir='ltr'><strong>ne</strong></span> <span class='ocrx_word' id='word_1_217' title='bbox 1002 2930 1024 2987; x_wconf 94' lang='lat' dir='ltr'><strong>ii</strong></span> <span class='ocrx_word' id='word_1_218' title='bbox 1047 2928 1167 3008; x_wconf 88' lang='lat' dir='ltr'><strong>quidem</strong></span> <span class='ocrx_word' id='word_1_219' title='bbox 1193 2937 1314 3011; x_wconf 84' lang='lat' dir='ltr'><strong>negent,</strong></span> <span class='ocrx_word' id='word_1_220' title='bbox 1330 2929 1385 3009; x_wconf 85' lang='lat' dir='ltr'><strong>qui</strong></span> <span class='ocrx_word' id='word_1_221' title='bbox 1401 2928 1503 2988; x_wconf 91' lang='lat' dir='ltr'><strong>omnia</strong></span> 
     </span>
     <span class='ocr_line' id='line_1_27' title="bbox 152 3031 1504 3117; baseline 0 -25"><span class='ocrx_word' id='word_1_222' title='bbox 152 3034 299 3113; x_wconf 85' lang='lat' dir='ltr'><strong>synizesis</strong></span> <span class='ocrx_word' id='word_1_223' title='bbox 331 3034 472 3114; x_wconf 79' lang='lat' dir='ltr'><strong>exempla</strong></span> <span class='ocrx_word' id='word_1_224' title='bbox 500 3044 716 3114; x_wconf 85' lang='lat' dir='ltr'><strong>congesserunt</strong></span> <span class='ocrx_word' id='word_1_225' title='bbox 724 3031 758 3117; x_wconf 83' lang='lat'><strong>¹),</strong></span> <span class='ocrx_word' id='word_1_226' title='bbox 791 3034 884 3094; x_wconf 89' lang='lat' dir='ltr'><strong>tutius</strong></span> <span class='ocrx_word' id='word_1_227' title='bbox 917 3035 1043 3093; x_wconf 88' lang='lat' dir='ltr'><strong>fortasse</strong></span> <span class='ocrx_word' id='word_1_228' title='bbox 1076 3035 1133 3093; x_wconf 88' lang='lat' dir='ltr'><strong>erit</strong></span> <span class='ocrx_word' id='word_1_229' title='bbox 1164 3034 1390 3114; x_wconf 85' lang='lat' dir='ltr'><strong>responsionem</strong></span> <span class='ocrx_word' id='word_1_230' title='bbox 1420 3033 1504 3092; x_wconf 83' lang='lat' dir='ltr'><strong>illam</strong></span> 
     </span>
     <span class='ocr_line' id='line_1_28' title="bbox 153 3138 1503 3221; baseline -0.001 -23"><span class='ocrx_word' id='word_1_231' title='bbox 153 3148 200 3199; x_wconf 86' lang='lat' dir='ltr'><strong>tot</strong></span> <span class='ocrx_word' id='word_1_232' title='bbox 242 3139 315 3198; x_wconf 88' lang='lat' dir='ltr'><strong>locis</strong></span> <span class='ocrx_word' id='word_1_233' title='bbox 347 3140 550 3199; x_wconf 89' lang='lat' dir='ltr'><strong>confirmatam</strong></span> <span class='ocrx_word' id='word_1_234' title='bbox 583 3141 630 3199; x_wconf 92' lang='lat' dir='ltr'><strong>his</strong></span> <span class='ocrx_word' id='word_1_235' title='bbox 663 3159 784 3221; x_wconf 90' lang='lat' dir='ltr'><strong>quoque</strong></span> <span class='ocrx_word' id='word_1_236' title='bbox 816 3139 890 3199; x_wconf 91' lang='lat' dir='ltr'><strong>locis</strong></span> <span class='ocrx_word' id='word_1_237' title='bbox 928 3138 1131 3217; x_wconf 86' lang='lat' dir='ltr'><strong>comprobare.</strong></span> <span class='ocrx_word' id='word_1_238' title='bbox 1165 3138 1385 3199; x_wconf 87' lang='lat' dir='ltr'><strong>observandum</strong></span> <span class='ocrx_word' id='word_1_239' title='bbox 1424 3140 1503 3199; x_wconf 90' lang='lat' dir='ltr'><strong>enim</strong></span> 
     </span>
    </p>
   </div>
   <div class='ocr_carea' id='block_1_4' title="bbox 152 3242 1503 4267">
    <p class='ocr_par' dir='ltr' id='par_1_12' title="bbox 152 3242 1503 4267">
     <span class='ocr_line' id='line_1_29' title="bbox 152 3242 1503 3323; baseline -0.001 -20"><span class='ocrx_word' id='word_1_240' title='bbox 152 3253 198 3303; x_wconf 88' lang='lat' dir='ltr'><strong>est</strong></span> <span class='ocrx_word' id='word_1_241' title='bbox 230 3242 465 3323; x_wconf 80' lang='lat' dir='ltr'><strong>Aristophanem</strong></span> <span class='ocrx_word' id='word_1_242' title='bbox 506 3246 653 3323; x_wconf 84' lang='lat' dir='ltr'><strong>synizesis</strong></span> <span class='ocrx_word' id='word_1_243' title='bbox 689 3245 906 3323; x_wconf 84' lang='lat' dir='ltr'><strong>inelegantiam</strong></span> <span class='ocrx_word' id='word_1_244' title='bbox 943 3245 1123 3304; x_wconf 90' lang='lat' dir='ltr'><strong>sentientem</strong></span> <span class='ocrx_word' id='word_1_245' title='bbox 1159 3264 1196 3303; x_wconf 90' lang='lat' dir='ltr'><strong>ea</strong></span> <span class='ocrx_word' id='word_1_246' title='bbox 1236 3244 1385 3323; x_wconf 86' lang='lat' dir='ltr'><strong>exempla,</strong></span> <span class='ocrx_word' id='word_1_247' title='bbox 1424 3263 1503 3323; x_wconf 90' lang='lat' dir='ltr'><strong>quae</strong></span> 
     </span>
     <span class='ocr_line' id='line_1_30' title="bbox 153 3342 1501 3430; baseline 0.001 -25"><span class='ocrx_word' id='word_1_248' title='bbox 153 3349 279 3426; x_wconf 83' lang='lat' dir='ltr'><strong>volgata</strong></span> <span class='ocrx_word' id='word_1_249' title='bbox 301 3346 382 3427; x_wconf 88' lang='lat' dir='ltr'><strong>apud</strong></span> <span class='ocrx_word' id='word_1_250' title='bbox 404 3356 511 3427; x_wconf 90' lang='lat' dir='ltr'><strong>poetas</strong></span> <span class='ocrx_word' id='word_1_251' title='bbox 533 3351 665 3427; x_wconf 85' lang='lat' dir='ltr'><strong>tragicos</strong></span> <span class='ocrx_word' id='word_1_252' title='bbox 687 3349 894 3422; x_wconf 88' lang='lat' dir='ltr'><strong>inveniuntur,</strong></span> <span class='ocrx_word' id='word_1_253' title='bbox 928 3349 1049 3408; x_wconf 92' lang='lat' dir='ltr'><strong>omnino</strong></span> <span class='ocrx_word' id='word_1_254' title='bbox 1072 3350 1184 3408; x_wconf 87' lang='lat' dir='ltr'><strong>vitasse</strong></span> <span class='ocrx_word' id='word_1_255' title='bbox 1211 3346 1262 3430; x_wconf 84' lang='lat' dir='ltr'><strong>(cl.</strong></span> <span class='ocrx_word' id='word_1_256' title='bbox 1285 3349 1379 3408; x_wconf 87' lang='lat' dir='ltr'><strong>Baier</strong></span> <span class='ocrx_word' id='word_1_257' title='bbox 1401 3368 1431 3427; x_wconf 91' lang='lat' dir='ltr'><strong>p.</strong></span> <span class='ocrx_word' id='word_1_258' title='bbox 1457 3342 1501 3430; x_wconf 84' lang='lat'><strong>9),</strong></span> 
     </span>
     <span class='ocr_line' id='line_1_31' title="bbox 154 3452 1501 3533; baseline 0.001 -22"><span class='ocrx_word' id='word_1_259' title='bbox 154 3454 198 3513; x_wconf 89' lang='lat' dir='ltr'><strong>ita</strong></span> <span class='ocrx_word' id='word_1_260' title='bbox 222 3452 343 3532; x_wconf 89' lang='lat' dir='ltr'><strong>quidem</strong></span> <span class='ocrx_word' id='word_1_261' title='bbox 367 3462 400 3511; x_wconf 94' lang='lat' dir='ltr'><strong>ut</strong></span> <span class='ocrx_word' id='word_1_262' title='bbox 422 3452 557 3512; x_wconf 82' lang='lat' dir='ltr'><strong>Dindorf</strong></span> <span class='ocrx_word' id='word_1_263' title='bbox 581 3463 674 3513; x_wconf 88' lang='lat' dir='ltr'><strong>totam</strong></span> <span class='ocrx_word' id='word_1_264' title='bbox 698 3453 862 3533; x_wconf 83' lang='lat' dir='ltr'><strong>synizesim</strong></span> <span class='ocrx_word' id='word_1_265' title='bbox 885 3474 904 3511; x_wconf 89' lang='lat' dir='ltr'><strong>a</strong></span> <span class='ocrx_word' id='word_1_266' title='bbox 927 3452 1083 3517; x_wconf 89' lang='lat' dir='ltr'><strong>comoedia</strong></span> <span class='ocrx_word' id='word_1_267' title='bbox 1105 3454 1237 3513; x_wconf 90' lang='lat' dir='ltr'><strong>alienam</strong></span> <span class='ocrx_word' id='word_1_268' title='bbox 1260 3473 1325 3513; x_wconf 91' lang='lat' dir='ltr'><strong>esse</strong></span> <span class='ocrx_word' id='word_1_269' title='bbox 1349 3460 1501 3513; x_wconf 87' lang='lat' dir='ltr'><strong>statueret.</strong></span> 
     </span>
     <span class='ocr_line' id='line_1_32' title="bbox 240 3558 823 3639; baseline -0.002 -22"><span class='ocrx_word' id='word_1_270' title='bbox 240 3559 306 3617; x_wconf 89' lang='lat' dir='ltr'><strong>Iam</strong></span> <span class='ocrx_word' id='word_1_271' title='bbox 329 3578 447 3618; x_wconf 89' lang='lat' dir='ltr'><strong>mecum</strong></span> <span class='ocrx_word' id='word_1_272' title='bbox 470 3559 632 3639; x_wconf 85' lang='lat' dir='ltr'><strong>perlustres</strong></span> <span class='ocrx_word' id='word_1_273' title='bbox 655 3558 708 3618; x_wconf 92' lang='lat' dir='ltr'><strong>hos</strong></span> <span class='ocrx_word' id='word_1_274' title='bbox 730 3558 823 3617; x_wconf 90' lang='lat' dir='ltr'><strong>locos:</strong></span> 
     </span>
     <span class='ocr_line' id='line_1_33' title="bbox 239 3663 687 3744; baseline -0.002 -22"><span class='ocrx_word' id='word_1_275' title='bbox 239 3663 350 3723; x_wconf 86' lang='lat' dir='ltr'><strong>Aescb.</strong></span> <span class='ocrx_word' id='word_1_276' title='bbox 375 3663 458 3744; x_wconf 86' lang='lat' dir='ltr'><strong>Sept.</strong></span> <span class='ocrx_word' id='word_1_277' title='bbox 484 3665 687 3723; x_wconf 54' lang='lat' dir='ltr'><strong>alaz-326:</strong></span> 
     </span>
     <span class='ocr_line' id='line_1_34' title="bbox 196 3767 828 3850; baseline 0 -23"><span class='ocrx_word' id='word_1_278' title='bbox 196 3778 247 3828; x_wconf 83' lang='lat' dir='ltr'><strong>str.</strong></span> <span class='ocrx_word' id='word_1_279' title='bbox 271 3767 318 3850; x_wconf 78' lang='grc' dir='ltr'><strong>ἑή,</strong></span> <span class='ocrx_word' id='word_1_280' title='bbox 339 3768 416 3843; x_wconf 77' lang='grc' dir='ltr'><strong><em>νέοις</em></strong></span> <span class='ocrx_word' id='word_1_281' title='bbox 437 3790 471 3832; x_wconf 84' lang='grc' dir='ltr'><strong>τε</strong></span> <span class='ocrx_word' id='word_1_282' title='bbox 494 3768 548 3831; x_wconf 86' lang='grc' dir='ltr'><strong>καὶ</strong></span> <span class='ocrx_word' id='word_1_283' title='bbox 569 3767 708 3843; x_wconf 75' lang='grc' dir='ltr'><strong><em>παλαιὰς</em></strong></span> <span class='ocrx_word' id='word_1_284' title='bbox 773 3807 789 3827; x_wconf 65' lang='grc' dir='ltr'><strong><em>ι</em></strong></span> <span class='ocrx_word' id='word_1_285' title='bbox 802 3800 828 3827; x_wconf 63' lang='grc' dir='ltr'><strong>.ι.</strong></span> 
     </span>
     <span class='ocr_line' id='line_1_35' title="bbox 185 3871 1064 3955; baseline 0.001 -24"><span class='ocrx_word' id='word_1_286' title='bbox 185 3882 247 3932; x_wconf 84' lang='lat' dir='ltr'><strong>ant.</strong></span> <span class='ocrx_word' id='word_1_287' title='bbox 271 3871 318 3955; x_wconf 78' lang='grc' dir='ltr'><strong>ἐή,</strong></span> <span class='ocrx_word' id='word_1_288' title='bbox 341 3873 480 3955; x_wconf 75' lang='grc' dir='ltr'><strong><em>δυστυχῆ</em></strong></span> <span class='ocrx_word' id='word_1_289' title='bbox 503 3893 537 3935; x_wconf 84' lang='grc' dir='ltr'><strong>τε</strong></span> <span class='ocrx_word' id='word_1_290' title='bbox 559 3872 706 3954; x_wconf 82' lang='grc' dir='ltr'><strong><em>πράσσει.</em></strong></span> <span class='ocrx_word' id='word_1_291' title='bbox 774 3912 790 3932; x_wconf 65' lang='grc' dir='ltr'><strong>υ</strong></span> <span class='ocrx_word' id='word_1_292' title='bbox 805 3906 853 3933; x_wconf 64' lang='lat' dir='ltr'><strong>u..</strong></span> <span class='ocrx_word' id='word_1_293' title='bbox 868 3910 922 3933; x_wconf 71' lang='lat' dir='ltr'><strong>„o</strong></span> <span class='ocrx_word' id='word_1_294' title='bbox 936 3905 1025 3932; x_wconf 52' lang='lat' dir='ltr'><strong>„on</strong></span> <span class='ocrx_word' id='word_1_295' title='bbox 1040 3926 1064 3932; x_wconf 78' lang='grc'><strong>-</strong></span> 
     </span>
     <span class='ocr_line' id='line_1_36' title="bbox 152 3975 1500 4061; baseline -0.006 -22"><span class='ocrx_word' id='word_1_296' title='bbox 152 3976 187 4061; x_wconf 80' lang='grc' dir='ltr'><strong>ἑή</strong></span> <span class='ocrx_word' id='word_1_297' title='bbox 218 3978 283 4037; x_wconf 90' lang='lat' dir='ltr'><strong>sine</strong></span> <span class='ocrx_word' id='word_1_298' title='bbox 315 3978 406 4038; x_wconf 92' lang='lat' dir='ltr'><strong>dubio</strong></span> <span class='ocrx_word' id='word_1_299' title='bbox 439 3976 657 4043; x_wconf 86' lang='lat' dir='ltr'><strong>restituendum</strong></span> <span class='ocrx_word' id='word_1_300' title='bbox 689 3986 734 4037; x_wconf 92' lang='lat' dir='ltr'><strong>est</strong></span> <span class='ocrx_word' id='word_1_301' title='bbox 758 3988 885 4057; x_wconf 87' lang='lat' dir='ltr'><strong>utroque</strong></span> <span class='ocrx_word' id='word_1_302' title='bbox 917 3978 993 4049; x_wconf 88' lang='lat' dir='ltr'><strong>loco,</strong></span> <span class='ocrx_word' id='word_1_303' title='bbox 1032 3977 1089 4035; x_wconf 91' lang='lat' dir='ltr'><strong>nisi</strong></span> <span class='ocrx_word' id='word_1_304' title='bbox 1124 3997 1191 4034; x_wconf 90' lang='lat' dir='ltr'><strong>cum</strong></span> <span class='ocrx_word' id='word_1_305' title='bbox 1220 3975 1333 4035; x_wconf 91' lang='lat' dir='ltr'><strong>Weilio</strong></span> <span class='ocrx_word' id='word_1_306' title='bbox 1365 3975 1500 4054; x_wconf 87' lang='lat' dir='ltr'><strong>praefers</strong></span> 
     </span>
     <span class='ocr_line' id='line_1_37' title="bbox 153 4078 1502 4165; baseline 0.001 -26"><span class='ocrx_word' id='word_1_307' title='bbox 153 4081 213 4160; x_wconf 89' lang='lat' dir='ltr'><strong>(ed.</strong></span> <span class='ocrx_word' id='word_1_308' title='bbox 249 4079 344 4164; x_wconf 88' lang='grc'>1884)</span> <span class='ocrx_word' id='word_1_309' title='bbox 377 4080 448 4144; x_wconf 79' lang='grc' dir='ltr'><em>αἰαῖ</em></span> <span class='ocrx_word' id='word_1_310' title='bbox 476 4102 530 4161; x_wconf 89' lang='lat' dir='ltr'><strong>pro</strong></span> <span class='ocrx_word' id='word_1_311' title='bbox 562 4079 579 4143; x_wconf 78' lang='grc' dir='ltr'><strong>ἓ</strong></span> <span class='ocrx_word' id='word_1_312' title='bbox 609 4078 635 4159; x_wconf 73' lang='grc' dir='ltr'><strong>ἒ,</strong></span> <span class='ocrx_word' id='word_1_313' title='bbox 668 4082 747 4160; x_wconf 90' lang='lat' dir='ltr'><strong>quod</strong></span> <span class='ocrx_word' id='word_1_314' title='bbox 782 4082 860 4143; x_wconf 86' lang='lat' dir='ltr'><strong>Med.</strong></span> <span class='ocrx_word' id='word_1_315' title='bbox 888 4078 1056 4165; x_wconf 76' lang='lat' dir='ltr'><strong>praebct2).</strong></span> <span class='ocrx_word' id='word_1_316' title='bbox 1102 4100 1205 4141; x_wconf 91' lang='lat' dir='ltr'><strong>omnes</strong></span> <span class='ocrx_word' id='word_1_317' title='bbox 1238 4080 1295 4140; x_wconf 89' lang='lat' dir='ltr'><strong>hoe</strong></span> <span class='ocrx_word' id='word_1_318' title='bbox 1328 4080 1395 4138; x_wconf 93' lang='lat' dir='ltr'><strong>loco</strong></span> <span class='ocrx_word' id='word_1_319' title='bbox 1426 4078 1502 4151; x_wconf 80' lang='grc' dir='ltr'><strong><em>νέος</em></strong></span> 
     </span>
     <span class='ocr_line' id='line_1_38' title="bbox 154 4184 785 4267; baseline 0.002 -21"><span class='ocrx_word' id='word_1_320' title='bbox 154 4196 307 4266; x_wconf 88' lang='lat' dir='ltr'><strong>tamquam</strong></span> <span class='ocrx_word' id='word_1_321' title='bbox 330 4184 572 4266; x_wconf 89' lang='lat' dir='ltr'><strong>monosyllabum</strong></span> <span class='ocrx_word' id='word_1_322' title='bbox 595 4196 785 4267; x_wconf 88' lang='lat' dir='ltr'><strong>acceperunt.</strong></span> 
     </span>
    </p>
   </div>
   <div class='ocr_carea' id='block_1_5' title="bbox 153 4340 1501 4483">
    <p class='ocr_par' dir='ltr' id='par_1_13' title="bbox 153 4340 1501 4483">
     <span class='ocr_line' id='line_1_39' title="bbox 241 4340 1501 4411; baseline -0.005 -17"><span class='ocrx_word' id='word_1_323' title='bbox 241 4344 260 4409; x_wconf 86' lang='lat'><strong>¹)</strong></span> <span class='ocrx_word' id='word_1_324' title='bbox 274 4343 365 4394; x_wconf 87' lang='lat' dir='ltr'><strong>Veluti</strong></span> <span class='ocrx_word' id='word_1_325' title='bbox 379 4342 440 4394; x_wconf 84' lang='lat' dir='ltr'><strong>Chr.</strong></span> <span class='ocrx_word' id='word_1_326' title='bbox 454 4344 547 4394; x_wconf 83' lang='lat' dir='ltr'><strong>Baier:</strong></span> <span class='ocrx_word' id='word_1_327' title='bbox 566 4342 822 4397; x_wconf 81' lang='lat' dir='ltr'><strong>Animadversionea</strong></span> <span class='ocrx_word' id='word_1_328' title='bbox 842 4346 869 4395; x_wconf 88' lang='lat' dir='ltr'><strong>in</strong></span> <span class='ocrx_word' id='word_1_329' title='bbox 889 4349 982 4411; x_wconf 90' lang='lat' dir='ltr'><strong>poetas</strong></span> <span class='ocrx_word' id='word_1_330' title='bbox 996 4345 1112 4409; x_wconf 85' lang='lat' dir='ltr'><strong>tragicos</strong></span> <span class='ocrx_word' id='word_1_331' title='bbox 1125 4357 1244 4407; x_wconf 84' lang='lat' dir='ltr'><strong>graecos.</strong></span> <span class='ocrx_word' id='word_1_332' title='bbox 1265 4342 1328 4393; x_wconf 88' lang='lat' dir='ltr'><strong>diss.</strong></span> <span class='ocrx_word' id='word_1_333' title='bbox 1341 4340 1501 4391; x_wconf 83' lang='lat' dir='ltr'><strong>Bonnensis.</strong></span> 
     </span>
     <span class='ocr_line' id='line_1_40' title="bbox 153 4430 376 4483; baseline 0.013 -3"><span class='ocrx_word' id='word_1_334' title='bbox 153 4430 280 4481; x_wconf 85' lang='lat' dir='ltr'><strong>Casseliis</strong></span> <span class='ocrx_word' id='word_1_335' title='bbox 300 4432 376 4483; x_wconf 77' lang='lat'><strong>18⁷4.</strong></span> 
     </span>
    </p>
   </div>
   <div class='ocr_carea' id='block_1_6' title="bbox 239 4514 1033 4587">
    <p class='ocr_par' dir='ltr' id='par_1_14' title="bbox 239 4514 1033 4587">
     <span class='ocr_line' id='line_1_41' title="bbox 239 4514 1033 4587; baseline 0.001 -19"><span class='ocrx_word' id='word_1_336' title='bbox 239 4514 261 4587; x_wconf 86' lang='lat'><strong>²)</strong></span> <span class='ocrx_word' id='word_1_337' title='bbox 280 4516 320 4569; x_wconf 81' lang='lat' dir='ltr'><strong>cf.</strong></span> <span class='ocrx_word' id='word_1_338' title='bbox 339 4521 419 4571; x_wconf 87' lang='lat' dir='ltr'><strong>Dind.</strong></span> <span class='ocrx_word' id='word_1_339' title='bbox 438 4522 512 4573; x_wconf 87' lang='lat' dir='ltr'><strong>Poet.</strong></span> <span class='ocrx_word' id='word_1_340' title='bbox 531 4536 602 4572; x_wconf 87' lang='lat' dir='ltr'><strong>scen.</strong></span> <span class='ocrx_word' id='word_1_341' title='bbox 622 4522 713 4587; x_wconf 81' lang='lat' dir='ltr'><strong>graeci</strong></span> <span class='ocrx_word' id='word_1_342' title='bbox 732 4520 773 4572; x_wconf 83' lang='lat' dir='ltr'><strong>ed.</strong></span> <span class='ocrx_word' id='word_1_343' title='bbox 793 4521 825 4584; x_wconf 90' lang='lat' dir='ltr'><strong>V,</strong></span> <span class='ocrx_word' id='word_1_344' title='bbox 844 4519 933 4586; x_wconf 84' lang='lat' dir='ltr'><strong>prael.</strong></span> <span class='ocrx_word' id='word_1_345' title='bbox 953 4536 979 4583; x_wconf 91' lang='lat' dir='ltr'><strong>p.</strong></span> <span class='ocrx_word' id='word_1_346' title='bbox 999 4516 1033 4569; x_wconf 89' lang='lat' dir='ltr'><strong>X.</strong></span> 
     </span>
    </p>
   </div>
   <div class='ocr_carea' id='block_1_7' title="bbox 0 0 1658 5059">
    <p class='ocr_par' dir='ltr' id='par_1_15' title="bbox 0 0 1658 5059">
     <span class='ocr_line' id='line_1_42' title="bbox 0 0 1658 5059; baseline 0 0"><span class='ocrx_word' id='word_1_347' title='bbox 0 0 1658 5059; x_wconf 95' lang='lat' dir='ltr'><strong> </strong></span> 
     </span>
    </p>
   </div>
  </div>
 </body>
</html>
