3300 5059
24 128 413 219 'ess.

149 360 254 405 versus
277 344 390 403 heroici
412 342 575 423 pedenon
605 344 703 403 minus
737 342 918 403 ademerunt
940 340 1108 423 spondeum
1128 362 1222 422 quem
1245 343 1277 404 in
1299 342 1442 422 prim'o'1).
1479 344 1522 404 id

118 505 120 509 .
138 469 233 531 uero,
250 447 331 529 quod
347 448 379 508 in
395 447 472 529 pede
487 448 583 528 primo
601 428 735 509 eiusdem
751 448 869 528 generis
885 448 1098 529 productiones
1114 455 1161 508 sat
1172 442 1290 528 paucae
1299 449 1515 529 reperiuntur,
1537 479 1540 485 ¹

150 554 440 634 huic'explicationi
465 574 524 613 non
547 562 707 639 repugnat.
738 552 877 633 syllabae
905 554 985 612 enim
1007 552 1114 613 mediis
1137 554 1169 611 in
1191 551 1318 613 'uocibus
1340 553 1518 629 productae

150 661 272 719 omnino
284 659 386 745 minus
402 666 492 738 aptae
502 668 581 739 sunt,
594 679 676 739 quae
691 658 817 718 inthesi
831 660 930 738 prima
941 668 1104 744 ponentur.
1119 678 1192 717 nem
1207 658 1265 718 hoc
1278 659 1305 726 ,si
1320 658 1364 741 fit,
1388 678 1518 740 semper

153 773 205 824 eut
224 764 356 823 alterum
380 762 478 823 locum
502 764 533 823 in
557 762 704 824 vocabulo
732 764 864 843 elonga
886 754 1194 847 sylleba'in'ci'piente
1215 771 1318 823 teneat
1338 762 1519 833 eiusmodi

142 867 410 956 'syllabanecesse
433 877 486 945 est,
510 870 616 929 autin
639 888 744 929 versus
766 869 853 929 initio
876 868 985 929 vocula
1008 866 1194 928 conlocend'e
1216 877 1261 928 eet
1282 869 1512 950 monosyllaba.

239 974 382 1035 Proxime
415 972 453 1035 ad
485 974 602 1034 thesim
627 974 761 1049 alteram,
794 976 820 1033 si
846 974 1036 1054 frequentiae
1058 972 1297 1054 productionem,
1331 972 1369 1036 de
1393 974 1508 1055 quibus

151 1099 249 1141 sermo
282 1088 341 1155 est,
368 1079 514 1139 rationem
546 1074 702 1162 hebemus,
736 1078 854 1140 accedit
881 1080 973 1139 thesis
1002 1088 1119 1158 quarta,
1153 1062 1319 1158 eodemque
1345 1078 1435 1139 modo
1459 1101 1515 1141 res

150 1184 296 1262 sehabet
318 1185 409 1245 etiem
431 1185 462 1245 in
487 1185 623 1260 eliorum,
648 1163 722 1264 quos
746 1186 990 1258 commemoravi,
1017 1192 1175 1264 poetarum
1198 1182 1388 1252 carminibus.
1418 1185 1506 1265 apud

150 1289 344 1350 Theocritum
375 1311 457 1365 vero,
493 1290 517 1349 si
553 1290 754 1369 frequentiam
773 1310 934 1357 caesurae
965 1289 1121 1349 bucolicen
1151 1288 1319 1368 respexeris
1352 1273 1505 1371 usumque

44 1432 46 1437 ·
137 1393 351 1475 'spondecrum
367 1396 414 1459 ¹in
447 1395 525 1477 pede
558 1404 663 1475 querto
695 1397 874 1471 restrictum,
909 1396 1007 1476 primo
1038 1394 1146 1481 obtutu
1173 1392 1250 1452 illud
1272 1393 1380 1453 mirum
1404 1395 1506 1455 videri

150 1508 262 1580 potest.
295 1500 348 1559 sed
380 1501 458 1575 inter
481 1502 576 1579 veria.
593 1502 757 1579 carminum
780 1519 894 1580 genera
915 1492 977 1560 hac'
995 1502 1027 1560 in
1049 1520 1083 1561 re
1106 1509 1153 1572 sat
1174 1518 1321 1582 magnum
1340 1488 1506 1560 intercedit

152 1605 324 1666 discrimen.
359 1606 475 1686 edyllie
507 1608 591 1666 enim·
614 1608 733 1686 generis
766 1606 865 1667 bucol.
890 1607 1034 1679 et‘mim,
1064 1597 1173 1683 quibus
1196 1604 1329 1663 carmina
1352 1605 1439 1684 epi'ce
1461 1606 1510 1665 in-

144 1710 272 1777 cisionis
293 1710 450 1785 bucelicae
472 1711 643 1792 frequentia
663 1711 760 1784 'multo
784 1719 973 1791 superantur,
1002 1711 1034 1769 in
1062 1731 1110 1769 vv.
1125 1706 1330 1769 'MOOOXIX
1353 1728 1414 1769 non
1436 1700 1509 1789 plus

152 1816 230 1877 VIII
254 1816 422 1877 eiusmodi
445 1816 658 1897 productiones
681 1818 712 1875 i'n
734 1816 812 1896 pede
837 1825 944 1896 querto
968 1813 1126 1902 exhibent3
1150 1814 1283 1873 termine
1302 1822 1404 1874 autem
1421 1816 1510 1896 apice

154 1924 185 1982 in
206 1942 257 1985 vv.
281 1920 421 1981 MLVIII
443 1920 557 1981 hebent
578 1902 797 2001 productiones*
813 1912 905 1992 XIX„
1176 1922 1180 1927 ’
1381 1898 1384 1906 ¹

239 2024 369 2105 Vocales
402 2044 486 2099 vero,
520 2044 597 2104 quae
628 2026 660 2084 in
692 2025 771 2085 thesi
799 2026 890 2085 tertia
916 2023 1024 2084 mediis
1051 2025 1082 2082 in
1105 2021 1230 2083 vocibus
1258 2031 1341 2083 muta
1368 2042 1393 2084 e.
1415 2025 1437 2083 l.
1461 2026 1508 2085 in·

152 2139 297 2211 sequente
312 2130 526 2213 producuntur,
539 2151 640 2191 omnes
656 2139 761 2191 extant
776 2132 808 2191 in
825 2130 985 2214 vocubulis
996 2120 1048 2189 aut
1061 2128 1190 2210 spondei
1205 2117 1331 2189 formam
1346 2136 1398 2187 aut
1413 2130 1506 2190 ionici

153 2256 171 2295 e
188 2237 299 2296 maiore
316 2234 536 2313 exhibentibus,
547 2234 578 2294 id
593 2234 672 2316 quod
688 2236 785 2297 studio
806 2235 948 2298 vitandae
965 2254 1106 2298 cessurae
1121 2232 1207 2316 pedis
1224 2236 1322 2316 quarti
1337 2234 1507 2294 trochaicae

154 2340 370 2422 explicandum
395 2349 453 2416 est;
478 2339 605 2409 eandem
628 2343 774 2402 rationem
796 2341 853 2402 hec
874 2342 906 2409 in
915 2331 972 2400 're'
985 2320 1103 2414 secutus
1127 2348 1173 2400 est
1194 2336 1441 2422 Cellimechus2).

83 2430 85 2434 ⁵
144 2506 146 2510 ,
241 2444 459 2511 Productiones
483 2446 623 2527 denique,
648 2466 727 2526 quse
750 2455 856 2507 extant
877 2448 909 2521 in
930 2445 1009 2506 thesi
1026 2446 1140 2526 quinta,
1168 2464 1271 2505 omnes
1286 2446 1349 2505 fere
1365 2445 1507 2524 leguntur

152 2556 183 2612 in
217 2549 339 2631 edylliis
372 2550 474 2633 epicis,
506 2552 537 2613 in
571 2550 679 2631 quibus
702 2571 845 2612 versuum
872 2550 1102 2633 spondiacorum
1125 2569 1212 2610 usum
1234 2548 1381 2610 letissime
1402 2531 1507 2632 petere

154 2675 246 2738 supra
268 2654 406 2735 uidimus.
622 2658 625 2663 ’
749 2725 751 2729 Α
922 2653 925 2657 ’
1135 2727 1138 2732 ¹
1297 2729 1300 2735 Ι

238 2761 303 2819 Iam
333 2759 462 2824 indicem
494 2761 735 2841 productionem,
760 2782 835 2843 quas
867 2761 995 2841 conlegi,
1018 2781 1186 2842 proponam
1218 2760 1261 2821 ite
1293 2768 1506 2841 comparatum,

137 2858 185 2927 ¹ut
218 2864 286 2953 non¹
312 2864 410 2925 solum
441 2866 579 2949 quotiens
603 2886 766 2948 quecque‘
784 2886 822 2952 ex
855 2868 992 2928 consonis
1014 2854 1146 2946 liquidis,
1162 2926 1165 2931 ,
1180 2865 1233 2926 sed
1256 2866 1346 2927 etiem
1370 2866 1507 2945 quotiens

152 2972 299 3052 singulae
327 2979 524 3032 consonarum
561 2979 710 3047 muterum
749 2992 815 3032 cum
846 2961 975 3052 liquidis
1013 2973 1170 3031 iuncturae
1204 2972 1235 3031 in
1268 2970 1417 3050 exemplis
1448 2969 1508 3030 illis

160 3079 357 3159 reperiantur,
381 3094 477 3159 exeo
502 3076 632 3136 eluceat:

185 3258 362 3295 ⁰⁰n⁸⁰nar¹¹m
417 3276 443 3324 in
463 3290 501 3324 cc.
521 3274 580 3327 bue.
619 3277 648 3325 in
665 3292 704 3326 cc.
726 3277 797 3325 mim.
813 3278 863 3326 ·.in
879 3293 920 3328 cc.
941 3216 1039 3343 epicisl
1072 3258 1100 3291 m
1120 3244 1242 3293 ⁰mmb¹¹⁸

205 3331 346 3381 iuncturae
673 3366 676 3370 -
871 3369 874 3372 .
1035 3330 1152 3406 ,Theseu
1165 3346 1202 3380 cc.
1216 3346 1275 3395 gen.
1307 3384 1311 3390 ,

243 4116 261 4179 ¹)
281 4116 323 4166 De
341 4103 573 4177 Theocritiuersu
594 4113 648 4164 hoc
666 4114 904 4166 demonstravimus
923 4133 948 4181 p.
968 4120 1010 4166 21.
1028 4118 1057 4166 in
1075 4115 1186 4166 Homeri
1204 4119 1230 4166 et
1251 4108 1345 4176 Quinti-
1362 4115 1495 4183 Smyrnaei

153 4203 313 4263 carminibus
340 4220 395 4254 rem
422 4204 460 4253 ita
488 4218 516 4252 se
543 4201 642 4252 habere
661 4203 776 4253 ostendit
793 4204 824 4253 A.
844 4203 973 4273 Ludwich
991 4202 1059 4253 Ann.
1079 4201 1142 4269 phil.
1163 4202 1223 4253 clx
1242 4206 1292 4255 247
1311 4220 1349 4269 sq.
1368 4220 1401 4255 ac
1419 4187 1499 4271 nuper

111 4298 114 4302 '
153 4294 181 4340 in
197 4289 444 4342 'libro-‘Aristarchs
462 4277 571 4340 Homen
590 4288 726 4349 Textkrit'.
754 4291 782 4341 11
812 4292 862 4342 326
890 4306 956 4356 sqq,
975 4290 1022 4340 ubi
1038 4284 1125 4348 „et-iam
1147 4292 1175 4341 in
1193 4307 1286 4342 versus
1303 4292 1422 4341 omnium
1441 4308 1500 4358 poe·

153 4366 242 4446 tarum
262 4379 405 4444 epicorum,
424 4380 470 4445 qui
488 4377 657 4437 inferioribus
675 4380 840 4444 temporibus
857 4380 1011 4443 floruerunt,
1029 4380 1147 4445 inquirit.
1203 4423 1206 4427 ,

241 4464 261 4529 ²)
282 4464 320 4516 (ll.
342 4467 462 4532 exempla
481 4466 668 4532 Callimachee,
688 4482 757 4532 quse
777 4468 912 4532 congessit
928 4468 1004 4532 Heep
1023 4467 1040 4517 l.
1059 4484 1081 4517 c.
1100 4484 1127 4532 p.
1146 4470 1188 4533 36.
