3300 5059
55 3 618 269 F’rv‘wt'r'wss'r'l·v
642 8 644 13 ’
709 15 714 27 ι

204 402 358 462 trochaica
389 403 420 461 in
449 422 491 461 cc.
514 402 569 467 IV.
595 399 661 484 (uhi
693 425 746 465 vv.
774 403 887 463 XXVI
909 424 1035 464 caesura
1066 406 1282 484 semiquinaria
1313 414 1388 464 sunt
1428 405 1585 464 instruc

205 505 367 567 XXXVII
396 502 562 590 trochaica)
594 517 624 567 et
648 507 720 567 VH.
753 503 820 591 (ubi
850 528 902 570 vv.
930 509 1035 568 LXVI
1058 511 1276 589 semiquinaria
1298 507 1516 582 inciduntur,
1550 510 1585 568 X

206 611 386 693 trochaica).
411 611 505 670 multo
530 612 620 671 aliter
643 621 735 691 atque
755 613 786 670 in
809 611 932 693 edylliis
946 613 1094 674 bucolicis
1110 635 1158 674 res
1173 634 1206 673 se
1223 613 1317 674 hahet
1331 614 1363 672 in
1382 614 1586 673 carminibr

208 717 315 796 opicis3
348 716 380 774 in
412 716 459 775 his
491 717 572 776 enim
602 716 670 795 plus
699 736 790 794 quam
812 715 891 776 duae
914 727 1015 796 partes
1039 720 1172 778 omnium
1196 739 1337 778 versuum
1368 737 1527 778 caesura
1562 720 1586 775 ir

207 819 347 880 ciduntur
377 819 540 880 trochaica.
573 829 608 878 ut
634 820 728 899 igitur
756 821 946 900 dactylorum
974 832 1005 881 et
1032 822 1234 901 spondeorum
1256 842 1313 881 usu
1336 824 1367 881 in
1395 824 1505 901 epico
1536 842 1587 880 ca:

208 926 323 983 minum
350 943 463 1002 genere
485 923 680 983 Theocritum
708 924 847 1004 proxime
875 925 914 984 ad
938 925 1065 984 aliorum
1088 926 1262 1004 aequalium
1285 946 1404 986 morem
1432 925 1587 986 acceder

207 1028 341 1088 vidimus
354 1024 389 1110 ¹),
429 1029 473 1087 ita
508 1029 678 1107 frequentia
714 1050 836 1108 quoque
872 1049 1014 1089 caesurae
1050 1032 1134 1090 tertii
1164 1030 1252 1109 pedis
1283 1031 1468 1090 trochaicae
1507 1029 1588 1088 iden

212 1134 394 1194 declaratur.
419 1131 524 1191 eadem
548 1135 628 1192 enim
651 1134 739 1206 ratio,
764 1153 843 1211 quae
866 1135 897 1192 in
919 1133 1044 1213 edylliis
1064 1134 1221 1192 Theocriti
1244 1134 1347 1213 epicis,
1369 1133 1465 1213 apud
1492 1133 1588 1193 Calli

211 1237 349 1296 maehum
379 1257 501 1316 quoque
529 1237 609 1296 inter
630 1257 736 1297 versus
759 1237 975 1316 semiquinaria
1007 1238 1154 1296 incisione
1185 1236 1342 1296 distinctos
1372 1247 1406 1295 et
1432 1257 1503 1310 eos,
1537 1260 1589 1317 qu:

212 1349 282 1420 post
303 1340 427 1400 tertium
450 1341 623 1400 trochaeum
644 1340 827 1413 inciduntur,
851 1341 1020 1402 intercedit.
1044 1361 1114 1400 nam
1133 1361 1172 1401 ex
1187 1340 1420 1401 DOOOOXLII
1436 1342 1589 1400 versIhur

212 1448 392 1526 hymnorum
415 1445 452 1518 Ι.,
475 1445 528 1517 II.,
553 1445 622 1520 III,
646 1445 713 1518 IV.,
736 1445 792 1508 VI.
817 1445 994 1506 dividuntur
1010 1444 1167 1505 OOLXVI
1191 1465 1316 1507 caesura
1339 1446 1590 1524 semiquinaria,

212 1548 409 1609 DOLXXVI
430 1550 583 1609 trochaica
593 1547 630 1632 ²).

299 1653 449 1713 (laesurae
475 1674 548 1714 vero
580 1652 815 1731 semiquinariae
839 1652 1021 1713 Theocritus
1048 1661 1215 1713 ceterorum
1250 1662 1408 1732 poetarum
1434 1653 1581 1713 Alexan-

213 1758 367 1818 drinorum
399 1778 482 1818 more
494 1757 519 1840 ³)
551 1759 584 1817 in
615 1758 719 1838 primis
750 1758 782 1816 in
814 1778 857 1816 ec.
886 1756 986 1818 bucol.
1013 1767 1045 1817 et
1076 1778 1124 1837 ep.
1154 1766 1326 1818 constanter
1361 1757 1487 1817 addidit
1526 1775 1582 1817 aut

212 1863 379 1922 bucolicam
412 1870 464 1920 aut
495 1862 773 1941 semiseptenariam
805 1862 992 1936 incisionem,
1026 1862 1111 1921 illam
1151 1861 1274 1941 quidem
1304 1861 1401 1921 multo
1436 1868 1577 1947 saepius.

214 1975 340 2054 Excipit
362 1977 443 2034 enim
467 1994 621 2033 caesuram
645 1975 891 2053 semiquinariam

363 2135 395 2204 a)
418 2131 449 2188 in
474 2150 516 2188 ec.
541 2128 609 2191 buc.
656 2131 719 2191 374
746 2131 819 2189 locis
843 2130 949 2190 incisio
971 2129 1051 2204 bua,
1074 2129 1164 2190 5211.
1181 2125 1419 2212 semisepten.⁴).

362 2235 787 2316 e)„„mrm.1ea„
881 2279 896 2316 ,,
1004 2236 1160 2315 „so„
1293 2282 1307 2314 „

364 2343 438 2420 α),
482 2384 497 2416 ,,
539 2338 633 2416 epicis
652 2340 712 2398 198
769 2384 784 2421 ,,
879 2385 894 2420 ,,
1002 2386 1017 2416 ,,
1075 2341 1156 2416 89,

364 2442 784 2524 d)„„dub.96„
880 2489 895 2526 „
1002 2443 1157 2525 „16„

1290 2489 1305 2525 a

218 2615 298 2676 unde
320 2625 406 2696 patet
427 2616 618 2676 hexametros
641 2617 857 2696 semiquinaria
880 2635 1005 2674 caesura
1026 2615 1187 2674 instructos
1212 2632 1312 2693 neque
1336 2624 1404 2693 post
1425 2623 1558 2691 quartam

218 2723 307 2781 arsim
331 2740 431 2800 neque
454 2730 522 2802 post
544 2721 653 2802 pedem
678 2729 817 2800 quartum
846 2720 957 2780 incisos
988 2721 1020 2778 in
1053 2739 1097 2780 cc.
1121 2717 1221 2780 bucol.
1244 2739 1306 2778 non
1327 2719 1396 2797 plus
1418 2717 1465 2776 IX
1486 2736 1557 2789 esse,

218 2828 248 2885 in
273 2828 355 2886 mim.
377 2827 452 2908 XX,
483 2827 515 2886 in
544 2847 593 2907 ep.
616 2825 708 2901 XIII,
731 2825 763 2884 in
787 2824 859 2884 dub.
882 2824 938 2884 VI.
962 2844 998 2883 ac
1019 2824 1159 2903 plerique
1181 2843 1220 2882 ex
1242 2823 1289 2882 his
1312 2821 1487 2882 hexametris
1508 2831 1557 2878 aut

219 2941 285 3010 post
313 2931 411 3011 quinti
438 2930 526 3011 pedis
554 2932 644 2990 arsim
667 2938 719 2988 aut
740 2937 810 3009 post
833 2927 967 2988 eiusdem
991 2927 1077 3008 pedis
1099 2925 1274 2984 trochaeum
1297 2924 1474 2985 inciduntur.
1506 2922 1555 2979 illa

217 3036 338 3117 quidem
368 3037 474 3097 incisio
496 3037 528 3095 in
551 3036 598 3096 his
620 3036 774 3095 invenitur
796 3034 945 3093 versibus:
970 3030 1002 3114 a)
1021 3031 1084 3091 VII
1107 3034 1146 3090 21
1169 3030 1208 3092 τὸ
1239 3029 1431 3112 μεσαμὲριον
1458 3026 1553 3098 πόδας

217 3140 327 3221 ἕλκεις,
351 3144 405 3214 54,
432 3141 507 3200 VHI
532 3142 582 3213 75,
608 3143 661 3214 90,
685 3140 787 3214 Χ39,
810 3139 926 3210 ΧΙ48,
951 3139 1004 3210 52,
1030 3133 1141 3217 b)XV
1158 3138 1186 3208 7,
1214 3138 1263 3206 14,
1291 3137 1339 3206 18,
1365 3136 1413 3207 36,
1436 3135 1481 3206 37,
1504 3134 1549 3201 39,

217 3251 269 3321 43,
301 3249 352 3317 54,
384 3249 437 3317 66,
467 3248 542 3320 106,
573 3244 684 3303 XVIII
708 3245 761 3316 53,
794 3239 940 3324 c)XXII
963 3242 1018 3314 56,
1050 3239 1145 3298 XXV
1169 3240 1246 3311 259,
1278 3233 1411 3318 ouxxl
1431 3239 1477 3308 56,
1499 3239 1549 3307 60,

93 3324 106 3333 X
218 3351 346 3410 XXVII
370 3353 398 3426 5,
425 3352 476 3408 61.
509 3358 578 3428 post
605 3349 702 3428 quinti
724 3346 812 3427 pedis
835 3346 1008 3406 trochaeum
1030 3365 1069 3404 ex
1092 3343 1239 3416 versibus,
1264 3342 1301 3401 ‹le
1330 3341 1433 3422 quibus
1452 3343 1546 3419 agitur,

218 3456 250 3514 hi
278 3455 465 3516 inciduntur:
499 3451 526 3534 b)
550 3454 623 3512 Π8
653 3452 850 3534 Τιμαγήτοιο
872 3451 1084 3532 παλαίστραν,
1116 3450 1153 3510 cf.
1179 3451 1233 3521 97,
1264 3447 1343 3506 XIV
1367 3448 1399 3520 8,
1427 3443 1480 3505 XV
1501 3449 1546 3515 92,

223 3564 292 3635 128,
319 3563 395 3634 129,
430 3555 456 3642 c)
480 3558 561 3618 XIII
585 3560 614 3630 7,
640 3559 694 3632 64;
721 3555 820 3614 XXII
844 3556 900 3629 82,
928 3554 1023 3614 XXV
1046 3554 1097 3627 26,
1121 3554 1173 3624 63,
1200 3553 1272 3624 189,
1297 3553 1372 3626 217,
1401 3549 1496 3609 XXVI
1517 3554 1544 3622 1,

218 3665 284 3726 XII
300 3665 351 3739 20,
376 3666 431 3738 21,
458 3660 491 3746 d)
514 3665 608 3742 epigr.
624 3662 674 3720 HI
691 3664 719 3736 3,
742 3660 789 3720 IV
805 3662 858 3723 13.
881 3668 950 3738 post
972 3659 1109 3736 quintum
1133 3655 1253 3716 demum
1276 3654 1384 3733 pedem
1405 3656 1543 3732 reperimus

222 3771 398 3832 incisionem
421 3769 453 3828 in
476 3767 614 3827 versibus
646 3774 778 3845 qattuor:
811 3761 843 3845 a)
865 3763 916 3822 XI
938 3765 979 3821 47
1007 3762 1044 3824 τό
1070 3782 1127 3842 μοι
1153 3759 1174 3821 ἁ
1196 3757 1428 3836 coacervasse
1446 3760 1539 3829 Αἴτνα,

317 3979 328 4045 )
347 3976 387 4026 cf.
406 3993 431 4041 p.
452 3976 494 4040 15,
513 3977 545 4025 29
565 3990 604 4038 sq.

317 4065 327 4132 )

307 3979 315 4012 1

306 4064 317 4096 ²
348 4062 541 4126 cf.Prah1.p.
561 4064 585 4111 7.

307 4153 328 4219 ³)
348 4152 387 4202 Of.
407 4166 475 4216 quae
494 4149 616 4214 exposuit
634 4146 705 4197 Guil.
723 4145 815 4208 Meyer
836 4144 864 4192 in
882 4147 932 4192 act.
951 4140 1027 4190 acad.
1044 4140 1149 4189 Monac.
1170 4140 1246 4202 1884,
1264 4153 1288 4202 p.
1307 4138 1358 4186 992
1377 4151 1427 4200 sqq.

306 4239 326 4306 ⁴)
345 4240 445 4289 Versus
468 4238 525 4286 eius
543 4235 657 4300 generis,
684 4232 760 4282 cuius
779 4235 819 4282 est
836 4230 903 4280 XIII
922 4231 937 4278 7
956 4231 1005 4277 τοῦ
1021 4224 1161 4294 χαρίεντος
1177 4224 1255 4288 Ὕλα,
1281 4226 1331 4273 τοῦ
1353 4220 1402 4272 τὰν
1416 4220 1536 4288 stampiis

221 4325 431 4394 φορεῢντοςνεί
450 4323 527 4373 XXII
546 4317 704 4385 attisiensi.
732 4315 792 4383 μήτ’
815 4313 927 4373 ἀδίκους
953 4312 1014 4380 μήτ’
1037 4308 1067 4375 ἐξ
1093 4310 1197 4362 ἀδίκων
1223 4309 1298 4375 φάθι
1323 4308 1435 4360 λεύσσειν
1453 4314 1536 4373 prepter

220 4419 303 4463 urtam
326 4412 431 4463 articuli
446 4411 491 4460 rel
507 4406 710 4475 praepositionis
729 4420 789 4454 cum
807 4403 973 4453 substantivo
992 4417 1040 4452 suo
1060 4398 1255 4451 cohaerentiam
1273 4399 1302 4446 in
1320 4412 1408 4447 eorum
1422 4412 1534 4453 numerum,

220 4500 266 4564 qui
284 4513 396 4548 caesura
413 4495 630 4562 semiseptenaria
648 4496 747 4556 carent,
764 4490 862 4541 rettuli.
