3300 5059
191 235 253 295 292

190 428 262 485 facit
283 432 485 506 perorantem:
511 423 646 503 ‘quaesi
670 444 687 483 a
711 431 817 484 natura
838 424 974 505 proiecta
996 422 1168 485 observatio
1191 434 1282 507 atque
1306 446 1378 485 usus
1402 427 1537 505 agnovit,
1621 408 1622 413 ἵ

191 530 286 590 multa
317 529 434 589 adferre
466 530 566 610 potuit
588 527 663 603 dies,
698 548 776 609 quae
799 510 1279 603 animadvertendonotarentur,
1308 541 1343 590 ut
1370 531 1423 591 ille
1446 531 1541 591 Pacu·

190 637 298 696 vianna
320 635 371 715 qni
394 634 426 694 in
449 631 567 714 Chryse
587 633 730 715 physicus
751 634 912 709 inducitur,
946 634 1068 694 minime
1102 645 1238 695 naturam
1269 654 1369 696 rerum
1394 656 1540 716 cognosse

190 739 342 800 videatur:

398 877 405 893 .
425 878 432 893 .
451 878 458 893 .
477 878 484 893 .
503 856 567 892 nam
584 842 629 892 isti
649 839 697 907 qui
713 841 835 908 linguam
853 843 945 892 auium
965 841 1126 907 intellegunt

398 930 513 997 plusque
531 927 564 981 dx
582 929 670 980 alieno
687 928 777 981 iecora
796 930 906 997 sapiunt
923 946 1003 996 quam
1023 928 1055 981 ex
1073 947 1131 993 suo,

397 1019 484 1083 magis
501 1014 664 1068 audiendum
685 1032 765 1083 quam
784 1015 993 1088 auscultandum
1013 1016 1111 1069 censeo
1131 1017 1174 1084 (ir.
1193 1016 1231 1087 5).
1309 1050 1311 1053 -

191 1177 263 1239 cur?
286 1196 408 1258 quaeso,
433 1197 501 1236 cum
522 1178 627 1256 paucis
649 1176 834 1257 interpositis
858 1178 993 1238 versibus
1016 1176 1098 1239 dicas
1120 1180 1194 1239 satia
1215 1178 1382 1239 luculenter

333 1349 461 1417 quidquid
479 1355 520 1402 eat
536 1348 596 1413 boc,
616 1348 705 1401 bmnia
722 1351 824 1401 animat
843 1348 939 1402 idrmat
955 1351 1003 1402 alit
1021 1349 1101 1418 augit
1120 1358 1194 1403 creat

329 1436 427 1503 sepelit
444 1440 593 1503 recipitque
610 1434 639 1487 in
658 1452 718 1488 sesa
736 1438 835 1502 omnia,
854 1436 1027 1507 omniumque
1045 1438 1116 1489 idem
1136 1436 1176 1489 dst
1193 1443 1279 1505 pater,

329 1525 501 1592 indidemque
519 1526 614 1578 eadem
635 1522 721 1591 abque
739 1526 861 1576 oriuntur
880 1524 913 1576 de
931 1523 1036 1592 integro
1055 1532 1137 1593 atqua
1157 1528 1251 1579 eodem
1265 1525 1398 1578 occidunt*
1412 1524 1457 1595 (ir.
1470 1528 1506 1593 6).

191 1698 281 1768 atque
305 1689 336 1747 in
357 1685 489 1747 eiusdem
511 1685 567 1747 loci
584 1704 682 1759 versu,
705 1706 794 1767 quem
814 1688 943 1767 legimus
966 1687 1004 1748 de
1026 1697 1088 1747 nat.
1106 1685 1187 1746 deor.
1203 1686 1238 1746 11
1254 1688 1304 1762 36,
1330 1688 1369 1747 91
1395 1686 1438 1745 ‘ld
1462 1686 1541 1765 qnod

191 1792 285 1853 nostri
308 1794 424 1852 caelum
448 1800 625 1867 memorent,
654 1790 727 1851 Grai
749 1791 911 1873 perbibent
938 1788 1071 1853 aethera’
1100 1788 1149 1874 (fr.
1175 1787 1219 1874 6),
1248 1791 1352 1853 Cicero
1375 1792 1543 1851 Pacuvium

191 1898 299 1957 erroris
321 1898 371 1957 vel
398 1896 498 1975 potius
525 1897 736 1977 neglegentiae
762 1900 827 1957 iure
851 1898 1021 1973 convincit3
1057 1917 1126 1955 nam
1158 1916 1226 1957 cum
1250 1896 1344 1957 rerba
1375 1897 1428 1956 illa
1460 1896 1543 1959 dicat

191 2000 280 2061 homo
304 2022 363 2062 non
386 2001 550 2075 Romanus,
575 2000 628 2060 sed
652 2000 796 2075 Graecos,
819 2020 881 2060 non
904 2002 1038 2081 potuisse
1061 2021 1129 2060 eum
1153 2001 1253 2061 dicere
1285 2003 1390 2061 ‘nostri
1422 2001 1541 2061 caelum

192 2105 377 2166 memoraut'.
411 2104 543 2185 denique
565 2104 603 2164 de
631 2126 674 2171 or.
697 2105 749 2165 ΙΙΙ
772 2108 824 2180 42,
852 2107 911 2164 167
935 2115 969 2164 ut
992 2106 1163 2185 exemplum
1186 2103 1272 2165 verbi
1296 2104 1434 2165 translati
1458 2104 1541 2164 ‘mol-

191 2210 263 2269 litur
286 2208 377 2270 mare'
401 2220 649 2271 commemoratur
672 2207 722 2292 (ir.
748 2207 791 2294 1).

295 2316 460 2376 Notissima
482 2315 591 2376 deinde
607 2336 667 2376 non
691 2316 786 2375 solum
803 2313 896 2395 saepo
912 2317 942 2374 in
958 2335 1070 2376 scaena
1085 2314 1212 2394 agendo,
1237 2314 1290 2375 sed
1306 2315 1395 2374 etiam
1411 2312 1541 2392 legendo

191 2420 310 2482 videtur
337 2423 429 2481 fuisse
460 2420 599 2482 Ciceroni
630 2421 755 2501 eiusque
787 2421 968 2500 aequalibus
991 2420 1155 2499 Antiopa
1183 2420 1288 2480 fabule
1315 2418 1417 2505 (Ribb.
1447 2421 1542 2499 Trag.

191 2528 278 2590 Rom.
306 2528 342 2590 fr.
372 2549 400 2607 p.
425 2529 465 2586 76
488 2548 567 2608 sqq,
599 2528 704 2600 Roem.
728 2512 821 2606 Τῆς.
851 2548 882 2606 p.
907 2528 968 2585 281
992 2524 1084 2607 sqq),
1118 2524 1259 2585 cortada
1290 2524 1338 2586 off.
1362 2524 1378 2583 I
1403 2528 1454 2598 31,
1482 2528 1544 2584 114

192 2632 313 2692 Tullios
337 2632 491 2712 Rupilium
516 2634 690 2693 histrionem
714 2652 833 2711 semper
856 2633 953 2711 egisse
976 2640 1119 2690 memorat
1142 2629 1314 2710 Antiopam,
1340 2628 1378 2688 de
1400 2629 1450 2689 fin.
1472 2629 1490 2689 I
1514 2636 1544 2703 2,

191 2740 211 2796 4
240 2738 297 2798 hac
325 2738 513 2820 potissimum
538 2738 666 2798 Pacuvii
696 2736 801 2797 fabula
831 2737 966 2815 legentes
990 2735 1038 2796 vel
1063 2734 1221 2794 audientes
1243 2735 1374 2793 maxime
1398 2732 1545 2793 delectari

190 2862 280 2922 posse
317 2843 399 2907 dicit.
433 2846 522 2923 ‘quis
542 2846 631 2903 enim’
663 2843 762 2923 inquit
795 2848 866 2901 ‘tam
900 2840 1038 2901 inimicus
1066 2858 1164 2919 paene
1186 2838 1299 2897 nomini
1328 2838 1464 2897 Romano
1490 2847 1546 2911 est,

191 2948 243 3027 qui
260 2993 397 3012 .....
414 2950 580 3029 Antiopam
605 2949 732 3007 Pacuvii
754 2956 878 3029 spernat
900 2954 952 3005 aut
974 2945 1088 3018 reiciat,
1113 2943 1191 3024 quod
1215 2962 1248 3003 se
1263 2942 1372 3003 iisdem
1385 2942 1547 3023 Euripidis

190 3053 302 3113 tabulis
325 3053 507 3114 delectari
530 3051 641 3114 dicatl'
666 3073 705 3113 cx
726 3062 789 3112 tota
811 3061 912 3112 autern
941 3048 1105 3130 tragoedia,
1134 3068 1212 3129 quae
1240 3046 1321 3107 baud
1347 3067 1463 3128 paucas
1494 3068 1547 3107 ex-

193 3157 328 3219 hibuisse
350 3158 471 3219 videtur
493 3178 626 3218 sommae
648 3157 879 3238 pulchritudinis
901 3176 1034 3230 scaenas,
1058 3174 1116 3215 non
1139 3153 1229 3213 facile
1252 3154 1308 3213 luit
1330 3153 1439 3213 clarior
1460 3154 1549 3213 locus

191 3264 281 3338 ullus,
300 3285 390 3344 quarn
405 3265 468 3338 ille,
491 3263 543 3323 nbi
559 3263 693 3344 Amphio
716 3273 747 3322 ct
762 3263 874 3323 Zethus
887 3262 1021 3321 diversas
1044 3281 1118 3341 quas
1134 3260 1265 3319 inierant
1286 3260 1367 3318 vitae
1382 3258 1546 3335 rationesl)

191 3370 329 3448 longiore
353 3370 489 3428 oratione
510 3376 730 3449 persequentes
752 3368 902 3428 uberrime
934 3373 1146 3446 exposuerunt,
1172 3362 1244 3445 quid
1268 3362 1438 3424 hominibus
1469 3362 1547 3423 boni
1619 3356 1620 3366 ¹

192 3473 359 3534 adferretnr
390 3474 447 3533 hoc
469 3473 519 3532 vel
546 3473 599 3532 illo
622 3472 748 3533 vivendi
770 3469 870 3535 modo.
902 3470 961 3530 huc
993 3472 1084 3549 igitur
1106 3468 1213 3529 (licere
1236 3469 1440 3549 compluribus
1464 3469 1544 3528 locis

191 3580 328 3658 legentes
365 3588 498 3653 revocat,
545 3597 643 3657 neque
680 3575 804 3635 dubium
848 3584 902 3649 eat,
948 3576 1020 3654 quin
1057 3574 1112 3635 ille
1149 3575 1303 3654 utriusque
1340 3574 1442 3633 fratris
1464 3564 1550 3633 'ora-

192 3683 334 3760 tionibus,
359 3685 469 3764 quibus
493 3692 573 3743 certe
597 3688 773 3760 argumenta
796 3680 887 3739 otiam
910 3680 1068 3741 subtiliora
1099 3678 1138 3738 ad
1169 3698 1217 3739 res
1241 3680 1405 3739 contrarias
1437 3678 1546 3738 defen·

192 3789 307 3850 dandae
330 3789 451 3869 prolata
472 3796 550 3862 aunt,
575 3786 736 3846 admodum
752 3786 790 3845 sit
813 3786 988 3846 delectatus.
1014 3803 1194 3865 quamquam
1218 3804 1236 3841 a
1252 3781 1399 3843 cicerone
1420 3792 1550 3843 notatur

192 3895 269 3955 haec
291 3895 506 3969 controversia,
531 3892 611 3973 quod
634 3912 694 3951 non
718 3912 757 3952 ex
779 3892 900 3972 reipsa
923 3891 1054 3965 fluxerit,
1085 3888 1140 3949 sed
1171 3900 1326 3970 tamquam
1357 3888 1550 3967 digressione

190 4003 272 4060 facta
294 3999 418 4060 fabulae
439 4001 552 4058 inserta
574 3999 627 4057 sit:
652 3996 690 4057 de
712 3997 809 4057 inv.I
832 3999 884 4071 50,
907 3998 948 4057 94
972 3996 1086 4076 ‘aliqua
1103 4015 1174 4076 pars
1197 3993 1548 4074 argumentationis...

192 4106 293 4188 aliquo
309 4106 340 4165 in
356 4106 432 4166 vitio
447 4104 614 4186 reperietur
630 4148 638 4161 .
663 4148 670 4161 .
696 4149 703 4164 .
729 4146 736 4162 .
752 4112 804 4161 aut
819 4102 844 4162 si
860 4123 918 4162 nou
934 4101 967 4161 id
976 4101 1057 4181 quod
1073 4100 1272 4175 accusabitur,
1291 4098 1464 4173 deniendet,
1481 4148 1493 4177 .·
1514 4150 1522 4164 .
1542 4146 1548 4161 .

191 4221 225 4273 ut
247 4211 399 4290 Amphion
423 4210 506 4292 apud
527 4208 716 4289 Euripidem,
744 4210 816 4268 item
841 4207 921 4289 apud
944 4208 1122 4281 Pacuvium,
1156 4204 1207 4286 qui
1234 4208 1408 4287 vituperata
1428 4206 1549 4275 musica

191 4318 371 4398 sapientiam
406 4316 518 4375 laudat’
550 4312 602 4399 (cf.
636 4313 710 4373 rhet.
745 4311 784 4373 ad
817 4314 892 4374 Her.
925 4312 958 4371 11
993 4314 1044 4386 27,
1076 4306 1146 4395 4'3).
1184 4311 1222 4372 de
1256 4332 1299 4371 or.
1326 4310 1361 4370 Il
1393 4311 1446 4383 37,
1482 4310 1546 4368 155

298 4546 318 4610 ¹)
338 4546 380 4597 Oi.
398 4546 462 4596 Hor.
480 4546 549 4611 Epp.
568 4546 581 4594 Ι
600 4546 641 4609 18,
660 4546 693 4595 39
706 4560 764 4610 sqq.

1330 4948 1331 4951 ,
1358 4923 1380 4954 υἱῃ
1392 4948 1400 4960 ι

1307 4836 1514 5041 Δ.

1518 5023 1608 5041 ...ss-
