3300 5059
1428 252 1490 311 347

141 450 339 509 elocutionem
353 448 541 528 inspicimus,
564 448 608 505 ita
624 456 693 506 sunt
716 448 891 527 comparati,
914 453 948 505 ut
970 445 1139 506 ubertatem
1161 446 1491 526 quandam'exhibeant

142 551 300 613 verborum
324 561 353 612 et
374 552 556 632 plerumque
579 552 723 611 orationis
745 548 911 610 luminibus
934 549 994 609 sint
1017 552 1114 611 ornati
1130 550 1183 632 (cf.
1198 572 1229 630 p.
1243 546 1332 633 290),
1355 551 1386 610 id
1411 553 1492 633 quod

142 658 253 716 maiore
286 676 354 715 eum
393 656 564 734 explevisse
597 655 798 716 delectatione
830 656 1022 714 manifestum
1055 665 1108 714 est.
1147 675 1237 733 porro
1270 656 1407 715 Tullium
1439 677 1498 718 eos.

143 760 298 820 adamasse
321 758 457 822 videmus
480 760 571 843 locos,
596 761 647 839 qui
669 762 846 833 sententias,
881 768 914 818 ut
942 760 985 819 ita
1009 758 1115 833 dicam,
1134 759 1308 837 ‘generales
1336 760 1498 835 exhibente.

30 839 40 892 ³*
142 866 272 925 dictione
286 864 407 944 poetica
429 864 572 944 inclusas,
596 884 670 942 quas
692 864 746 922 ille
769 872 800 923 et
823 883 861 922 ex
884 861 1048 942 tragoediis
1062 864 1151 944 petiit
1173 872 1203 923 et
1225 884 1264 923 ex
1286 862 1500 949 comoediis.¹)·

143 968 273 1047 denique
297 968 476 1040 sententiae,
501 987 579 1047 qnae
597 966 635 1025 ad
658 966 781 1027 deorum
797 976 936 1027 naturam
953 987 1123 1046 ,eorumque
1146 987 1247 1027 curam
1262 987 1362 1028 rerum
1384 969 1488 1030 buma-

140 1093 245 1131 narum
272 1072 323 1131 vel
355 1070 394 1130 ad
421 1080 507 1131 vates
542 1081 572 1130 et
603 1072 785 1131 coniectores
808 1073 970 1151 pertinent,
1007 1092 1076 1130 eum
1099 1070 1240 1131 videntur
1263 1075 1409 1134 tenuisse:
1434 1075 1489 1135 has

140 1178 219 1235 enim
241 1194 479 1255 saepenumero
502 1176 621 1254 scriptis
644 1174 889 1248 suisinseruit.²)
913 1176 1057 1235 maiorem
1070 1195 1142 1237 vero
1158 1174 1250 1236 habet
1270 1176 1487 1253 difficultatem,
1571 1204 1572 1207 ¹

140 1300 214 1359 quos
238 1301 276 1341 ex
299 1280 454 1339 comoedia
476 1277 583 1339 Cicero
606 1280 696 1359 petiit
724 1280 818 1355 locos,
850 1280 882 1339 in
906 1299 1018 1359 genera
1050 1279 1198 1361 quaedam
1230 1279 1417 1346 distribuere.
1446 1292 1488 1341 et-

119 1386 220 1443 -onim
245 1405 298 1466 pro
322 1385 479 1443 occasione
503 1384 604 1442 oblata
626 1384 683 1443 hoc
706 1384 756 1443 vel
779 1384 833 1443 illo
849 1384 999 1443 versiculo
1016 1386 1186 1463 promiscue
1200 1385 1302 1447 utitur.
1326 1387 1358 1444 in
1380 1387 1486 1466 primis

139 1498 248 1562 autern,
286 1488 339 1547 ubi
375 1508 520 1568 personas
557 1486 701 1547 inducere
732 1488 854 1548 volebat
887 1508 903 1547 e
935 1489 1000 1547 vita
1032 1488 1193 1561 cotidiana,
1228 1488 1266 1548 ed
1301 1490 1486 1550 comoediam

138 1592 234 1667 rediit,
274 1613 364 1673 quam
405 1596 470 1673 ipse
515 1593 597 1652 vitae
642 1612 706 1652 esse
747 1594 912 1671 imaginem
957 1592 1030 1650 dicit
1064 1602 1155 1670 atque
1192 1593 1356 1672 speculum
1385 1596 1488 1673 itaque

139 1697 341 1757 ecomoediis
373 1716 442 1756 enm
472 1716 590 1755 sumere
621 1696 760 1755 videmus
793 1714 881 1761 senes
914 1705 943 1754 et
975 1696 1137 1756 clementes
1167 1705 1197 1754 et
1230 1696 1318 1756 duros
1351 1719 1370 1756 a
1392 1700 1489 1758 servis

141 1808 305 1874 ememtes,
314 1798 339 1883 3)
363 1802 413 1860 vel
436 1802 599 1859 senectutis
622 1800 703 1859 mala
726 1796 963 1884 deplorantes.4)
987 1798 1097 1859 deinde
1120 1801 1319 1879 parasitorum
1342 1811 1372 1860 et
1395 1803 1489 1863 homi-

139 1925 209 1964 num
226 1986 231 1998 .
249 1906 281 1963 in
311 1906 448 1995 omnibus
481 1904 704 1964 adsentantium
737 1925 884 1984 personas
915 1904 974 1963 hae
1006 1904 1289 1997 eisupp'editarunt
1319 1906 1450 1969 fabulae.
1463 1908 1489 1994 1)

137 2018 199 2070 tum
237 2009 268 2067 in
307 2008 469 2083 comoedia⁴
493 2030 552 2069 non
585 2012 683 2069 minus
720 2029 811 2089 quam
847 2011 877 2067 in
910 2008 1064 2087 tragoedia
1098 2006 1204 2068 Oicero
1241 2010 1323 2070 locos
1361 2014 1489 2089 invenit,

138 2132 212 2190 qnos
244 2114 398 2192 proverbii
430 2116 524 2172 instar
555 2114 673 2194 scriptis
705 2115 767 2173 suis
801 2110 984 2195 insereretss)
1017 2111 1148 2192 denique
1182 2113 1240 2173 boc
1272 2125 1358 2175 certe
1385 2139 1489 2198 possu-

137 2237 205 2275 mus
239 2216 411 2276 observare
433 2218 508 2277 tales
546 2238 614 2277 eum
645 2218 811 2298 praecipue
837 2216 973 2293 elegisse
1007 2212 1099 2291 locos,
1138 2217 1243 2296 quales
1277 2218 1388 2278 eximia
1420 2232 1489 2281 sunt

136 2320 360 2399 pulchritudine
383 2323 512 2404 poetica,
540 2322 571 2380 id
596 2321 676 2401 quod
699 2322 730 2380 in
754 2315 859 2402 primis
881 2340 987 2381 versus
1010 2321 1215 2400 comprobant,
1245 2342 1319 2401 quos
1343 2324 1489 2386 delibavit

139 2445 176 2484 ex
209 2426 308 2506 poesis
340 2426 544 2485 Terentianae
574 2425 750 2508 fontibus.⁷)
795 2426 833 2484 de
870 2424 997 2503 singulis
1030 2433 1132 2484 autem
1164 2426 1262 2505 poetis
1294 2406 1487 2491 aestimandis

137 2528 208 2607 quid
232 2530 359 2589 senserit
383 2531 505 2590 Tullius
528 2551 595 2590 cum
619 2533 680 2589 iam
703 2550 720 2587 a
744 2551 792 2589 me
815 2530 937 2589 uberius
959 2531 1127 2607 expositum
1153 2532 1200 2603 sit,
1224 2530 1370 2592 hocloco
1393 2555 1485 2595 unum

137 2632 256 2714 eddam,
280 2632 465 2707 Ciceronem,
499 2633 681 2712 ubicumque
713 2634 751 2711 de
783 2643 941 2713 poetarum
963 2631 1141 2691 Latinorum
1173 2644 1225 2693 aut
1257 2636 1402 2697 facultate
1435 2651 1487 2699 aut

138 2744 202 2796 arte
225 2745 278 2796 aut
292 2757 430 2798 sermone
444 2738 562 2797 locutus
578 2739 626 2811 sit,
649 2746 761 2797 rectam
786 2740 955 2816 ingressum
971 2756 1035 2796 esse
1049 2740 1141 2817 viam,
1157 2738 1336 2819 plerumque
1359 2742 1487 2805 aliorum

138 2850 273 2901 secutum
295 2840 547 2924 auctoritatem.⁸)
571 2850 720 2921 postremo
743 2862 812 2901 eum
839 2840 1017 2921 quibusdam
1040 2842 1072 2901 in
1095 2844 1195 2915 rebus,
1221 2864 1299 2921 quae
1322 2845 1361 2904 ad
1382 2859 1488 2927 poetas

137 2946 301 3030 pertinent,
334 2967 444 3025 magna
475 2946 635 3024 diligentia
667 2955 697 3007 et
729 2949 869 3006 cautione
902 2966 989 3005 usum
1021 2966 1096 3020 esse,
1130 2947 1162 3005 id
1193 2948 1322 3028 prodere
1353 2950 1487 3033 videtur,

139 3049 231 3129 qnod,
255 3070 294 3110 ne
317 3052 349 3110 in
373 3071 503 3111 errorem
525 3048 698 3131 incideret,'
719 3052 770 3111 vel
793 3052 1017 3130 antiquissimos
1052 3052 1187 3132 inspexit
1215 3054 1496 3131 commentariosil

242 3310 264 3380 ¹)
294 3312 335 3363 01.
353 3331 379 3379 p.
398 3316 449 3364 276
480 3313 561 3379 ‘quod
591 3313 627 3363 ab
654 3311 743 3363 Ennio
773 3314 891 3378 positum
914 3313 944 3361 in
974 3327 1029 3362 una
1056 3328 1084 3362 re
1115 3311 1255 3362 transferri
1284 3315 1313 3363 in
1339 3319 1486 3381 permultas

136 3403 225 3463 potest
243 3435 249 3446 .
270 3435 276 3449 .
296 3400 320 3461 .’‚
339 3415 366 3464 p.
383 3403 434 3451 299
453 3403 533 3465 ‘quae
550 3401 656 3466 scripsit
674 3436 681 3449 .
701 3434 734 3449 ..
761 3404 840 3466 poeta
867 3396 956 3465 (Ace.)
1069 3404 1099 3449 ut
1126 3414 1176 3448 nos
1204 3405 1229 3448 et
1255 3404 1361 3451 nostros
1388 3403 1487 3457 liberos

136 3486 172 3534 ad
191 3485 313 3536 laborem
326 3521 333 3534 .
347 3523 373 3537 ..
393 3486 538 3548 excitaret,
556 3503 582 3549 p.
596 3488 648 3537 230
668 3486 713 3535 ‘ad
731 3501 825 3536 omncs
844 3487 963 3536 rationes
981 3485 1077 3536 ‘leucri
1094 3500 1147 3535 vox
1164 3487 1362 3537 accommodari
1379 3492 1485 3559 potest'3

137 3578 164 3621 et
183 3589 208 3638 p.
228 3574 279 3623 331
297 3574 476 3637 Demiphonis
494 3574 650 3623 Terentiani
673 3572 741 3623 illud
765 3577 856 3639 ‘quam
883 3572 917 3622 ob
937 3587 993 3622 rem
1012 3608 1019 3622 .
1037 3608 1044 3623 .
1065 3608 1071 3622 .
1091 3570 1106 3622 .'
1125 3572 1159 3621 cf.
1179 3572 1259 3622 etiarn
1277 3573 1374 3625 Parad.
1392 3579 1419 3640 5,
1437 3580 1484 3631 65:

137 3661 192 3712 ‘cni
210 3662 292 3710 etiam
307 3674 377 3725 quae
395 3660 450 3710 vim
468 3659 569 3709 habere
581 3661 726 3709 maximam
744 3662 844 3710 dicitur
863 3660 973 3710 fortuna
986 3661 1044 3725 ipsa
1063 3659 1142 3721 cedit,
1162 3659 1231 3709 sicut
1250 3662 1386 3723 sapiens
1404 3669 1486 3727 poeta

137 3748 219 3798 dixit:
238 3748 294 3797 suis
313 3760 347 3796 ea
365 3748 462 3812 cuique
480 3745 591 3812 fingitur
608 3744 734 3796 moribus'
753 3745 845 3813 (Ribb.
865 3746 941 3798 Com.
959 3746 1036 3797 Rom.
1055 3745 1087 3796 fr.
1105 3748 1157 3797 inc.
1175 3749 1229 3797 inc.
1247 3746 1279 3798 ir.
1299 3748 1353 3814 62).

240 3832 262 3900 ²)
282 3832 323 3884 01.
331 3850 359 3900 p.
369 3836 429 3896 274,
447 3833 493 3883 ubi
506 3834 588 3883 Ennii
605 3833 673 3884 illud
691 3832 789 3900 ‘aspice
810 3832 865 3884 hoc
885 3831 1018 3883 sublimen
1032 3868 1039 3883 .
1053 3831 1088 3905 .·.’
1107 3834 1136 3882 in
1156 3834 1252 3884 eodem
1270 3835 1367 3900 scripto
1382 3837 1487 3903 exiguis

135 3921 287 3974 intervallis
304 3922 470 3984 interpositis
488 3925 584 3986 quater
602 3921 726 3985 recurrit3
744 3938 770 3987 p.
789 3922 841 3971 264
861 3937 899 3986 sq.
918 3920 977 3971 278.
997 3922 1054 3971 292.

238 4009 261 4074 ³)
279 4008 321 4059 cf.
339 4023 366 4073 p.
385 4008 444 4057 316.
469 4008 528 4057 317.
548 4009 608 4058 318.
628 4009 686 4057 332.

238 4093 261 4161 ⁴)
281 4094 324 4145 01.
340 4111 368 4161 p.
387 4096 447 4143 318.

240 4183 261 4245 1)
281 4182 322 4232 01.
340 4198 366 4247 p.
385 4184 445 4231 314.
463 4182 523 4232 327.
543 4180 601 4231 328.
621 4181 679 4230 330.

241 4268 262 4335 ⁶)
282 4267 322 4319 01.
342 4285 367 4335 p.
386 4271 446 4319 326.
465 4269 524 4319 328.
542 4270 601 4318 336.

241 4356 262 4420 ⁷)
282 4356 323 4406 01.
341 4374 367 4421 p.
386 4359 446 4408 323.
465 4358 516 4407 326
529 4372 571 4421 sq.
591 4358 650 4407 331.

240 4442 260 4506 8)
280 4441 322 4494 01.
340 4459 366 4508 p.
384 4444 445 4494 248.
462 4445 522 4493 262.
541 4444 601 4498 263.
620 4444 678 4493 286.
697 4444 757 4493 316.
776 4446 835 4493 321.
856 4444 917 4493 322.

241 4528 261 4593 ⁰)
281 4528 322 4579 01.
340 4545 368 4593 p.
386 4530 445 4581 284.
464 4532 525 4580 263.
