3300 5059
149 420 327 498 scripturam
350 416 466 476 accedit
488 437 587 496 neque
603 416 776 495 Aeschylus
799 418 830 475 in
848 416 1002 497 Aeschylo
1018 419 1183 496 quaeritur.
1208 426 1299 496 atque
1316 437 1498 498 quamquam

150 525 209 583 iam
236 522 399 583 Kirchhoff
421 521 569 601 Aeschyli
601 522 714 581 fabulis
746 520 835 580 editis
868 522 1039 602 exemplum
1066 523 1225 602 proposuit
1249 543 1367 597 ,eorum
1396 524 1499 583 usibus

150 627 415 701 accommodatum,
440 646 565 705 quorum
588 630 713 686 interest
734 646 835 685 rerum
859 628 1017 687 veritatem
1040 628 1177 699 intueri’,
1195 637 1228 686 ut
1243 629 1304 687 alia
1319 637 1437 687 taceam
1460 650 1496 688 eo

149 732 354 813 praeferenda
377 742 422 791 est
444 732 610 791 Wecklinii
634 731 735 806 editio,
760 730 840 810 quod
863 732 895 789 in
918 732 1055 793 versibus
1079 732 1284 812 dispescendis
1309 733 1498 807 ,colometria

151 837 263 897 codicis
277 836 407 897 Medicei
431 836 557 896 reducta
579 834 688 895 bonam
711 834 887 895 memoriam
910 840 1054 917 sequitur,
1079 859 1140 897 non
1162 839 1309 897 incertam
1332 837 1515 921 doctrinam*

150 951 181 1001 et
203 941 383 1005 arbitrium’.
413 942 521 1001 librum
546 942 625 1001 enim
648 940 817 1002 Mediceum
840 944 1003 1020 genuinam
1026 943 1182 1021 plerisque
1203 944 1280 1002 locis
1303 942 1499 1022 suppeditare

149 1048 352 1107 colometriam
375 1080 419 1091 -
442 1048 537 1105 multa
571 1048 650 1107 enim
683 1046 714 1105 id
737 1066 833 1123 genus
861 1048 946 1121 vitia,
971 1056 1004 1106 ut
1026 1047 1176 1106 vocabula
1207 1067 1262 1127 per
1284 1047 1371 1106 binos
1394 1067 1498 1106 versus

148 1149 336 1236 porrigenda
360 1173 378 1211 a
400 1152 523 1211 librario
544 1172 634 1231 saepe
658 1152 710 1211 uni
733 1159 852 1210 tantum
868 1150 956 1211 modo
972 1154 1074 1212 versui
1091 1152 1242 1211 adtributa
1258 1153 1328 1224 sint,
1353 1153 1499 1211 facillime

150 1258 340 1336 corriguntur
364 1292 401 1303 —
427 1256 501 1315 mihi
533 1257 794 1337 persuasissimum
829 1267 874 1316 est
906 1265 936 1316 et
967 1259 1174 1337 unusquisque
1206 1257 1263 1317 sibi
1286 1241 1494 1336 persuadebit,

150 1361 201 1441 qui
237 1381 329 1421 unum
361 1362 530 1421 alterumve
562 1364 711 1423 canticum
743 1362 799 1420 hac
831 1363 869 1421 de
899 1382 932 1422 re
963 1363 995 1421 in
1025 1382 1152 1421 examen
1176 1364 1342 1427 vocaverit.
1375 1382 1497 1441 prorsus

150 1466 245 1543 igitur
277 1465 463 1527 adsentimur
494 1467 667 1527 Wecklinio
699 1467 775 1528 haec
810 1466 960 1527 adserenti
1003 1469 1098 1545 praei.
1129 1488 1159 1546 p.
1187 1473 1275 1527 XIII:
1311 1469 1429 1547 ‚itaque
1465 1469 1495 1525 in

151 1569 322 1630 dividendis
338 1572 474 1631 versibus
497 1572 611 1632 melicis
634 1571 711 1630 nihil
734 1573 861 1644 mutavi,
886 1571 944 1630 nisi
961 1570 1042 1649 quod
1057 1570 1110 1630 ubi
1126 1573 1293 1652 amplitudo
1309 1571 1498 1651 stropharum

154 1683 184 1733 et
216 1677 471 1756 antistropharum
504 1674 704 1756 discrepabat,
738 1697 843 1737 versus
874 1676 953 1735 inter
981 1696 1012 1735 se
1036 1677 1213 1756 aequabam.
1245 1677 1303 1736 hoc
1325 1696 1386 1735 uno
1408 1675 1497 1734 modo

151 1782 241 1841 etiam
271 1782 437 1841 editionum
466 1783 496 1841 in
520 1782 658 1841 versibus
686 1782 879 1841 numerandis
902 1783 1033 1841 varietas
1056 1781 1096 1840 ad
1119 1791 1230 1841 certam
1252 1782 1352 1867 legem
1377 1800 1498 1859 nones

150 1885 272 1945 arbitrio
304 1887 431 1946 alicuius
462 1887 592 1959 editoris,
623 1885 674 1946 sed
704 1908 741 1946 ex
764 1889 908 1947 memoria
935 1887 1005 1946 libri
1029 1885 1157 1946 Medicei
1184 1885 1378 1965 repetendam
1402 1884 1497 1963 redigi

148 1993 266 2065 potest!
