3300 5059
348 179 471 235 314

280 413 286 419 .
344 368 535 427 endus
562 345 673 444 'est
717 368 1210 446 interpellatione
1255 352 1371 427 iste
1429 354 1635 428 cursus
1684 351 1970 429 orationis
2014 379 2179 448 tuae,
2243 374 2480 452 patiere
2523 373 2728 431 temen
2774 373 3026 455 mihique

346 475 637 551 ignosces.
697 473 837 533 ‘non
884 474 1046 531 enim
1089 466 1354 560 possum,
1405 478 1552 554 quin
1599 475 1973 556 exclamem,’
2032 486 2098 535 ut
2142 477 2228 535 ait
2274 477 2391 545 ille
2424 466 2487 537 in
2521 478 2908 553 Trinummo3
2953 480 3031 535 ita
3068 516 3072 520 -

348 578 599 671 oratoris
644 578 792 636 mihi
838 578 964 637 vim
1011 598 1145 636 cum
1193 568 1535 658 exprimere
1579 579 1884 639 subtiliter
1927 581 2093 640 visus
2142 601 2224 656 es,
2248 591 2418 641 -tum
2460 583 2712 642 laudare
2759 583 3030 661 copiosis-

345 667 530 742 sime.
644 717 729 727 -
750 664 1015 762 denique
1047 683 1121 742 de
1153 704 1277 748 sen.
1306 687 1409 759 14,
1436 686 1519 743 50
1552 684 1747 744 obiter
1786 686 1853 744 fit
1894 686 2143 780 duarum
2177 688 2376 746 Plauti
2424 686 2764 761 fabularum
2797 690 3033 764 menti0,

346 809 494 867 quas
555 791 797 868 poetam
861 808 1065 848 senem
1121 790 1437 868 scripsisse
1501 792 1686 851 refert
1741 792 2002 868 Tullius.
2075 790 2146 853 ‘si
2212 792 2376 852 vero’
2423 793 2620 872 inquit
2677 792 2915 852 ‘habet
2935 793 3037 851 ali-

291 887 296 891 ’
342 886 509 973 qnod
553 890 859 973 tamquam
898 892 1205 973 pabulum
1255 893 1438 953 studii
1486 905 1673 976 atque
1722 895 2051 967 doctrinae,
2119 897 2272 956 nihil
2331 907 2420 956 est
2469 898 2677 956 -otiosa
2740 907 3040 957 senectute

347 998 669 1057 iucundius
716 1045 729 1060 .
815 1019 1049 1077 .quam
1101 998 1452 1077 gaudebat.
1541 1000 2050 1061 .Truculento
2096 1003 2365 1075 Plautus,
2415 1022 2592 1082 quam
2629 1001 3038 1062 Pseudulol’

338 1124 600 1184 ‘quarum
648 1104 1041 1182 posteriorem
1089 1103 1396 1178 Ciceronis
1453 1094 1635 1163 etiam
1692 1115 1892 1166 aetate
1949 1116 2144 1165 actam
2201 1125 2331 1167 esse
2388 1126 2474 1166 ex
2512 1108 2784 1166 oratione
2816 1127 2939 1186 Ριο
2984 1107 3040 1167 S.

346 1210 521 1267 Rosc.
588 1207 755 1272 Com.
790 1211 863 1287 7,
932 1211 1013 1269 20
1075 1187 1342 1288 adparet.
1409 1211 1718 1270 invehitur
1781 1212 1940 1270 enim
2006 1210 2217 1271 Cicero
2284 1231 2354 1271 eo
2418 1211 2550 1271 loco
2616 1212 2678 1269 iu
2745 1212 3040 1271 Fannium

255 1312 259 1316 ’
352 1313 702 1389 Chaeream,
736 1312 1089 1372 hominem
1074 1314 1558 1393 impurissimum,
1590 1324 1773 1397 atque
1802 1316 1983 1378 huius
2016 1337 2243 1377 morum
2280 1316 2687 1395 descriptione
2719 1317 3045 1395 praemissa

350 1418 435 1477 sic
479 1419 707 1497 pergit:
764 1399 954 1477 ‘cuius
1000 1438 1318 1497 personam
1363 1421 1682 1499 praeclare
1715 1419 1980 1502 ‘Roscius
2041 1423 2107 1494 in
2165 1441 2397 1480 scaena.v
2429 1428 2690 1503 tractare
2738 1422 3048 1479 consuevit

352 1543 550 1603 neque
612 1519 814 1582 tamen
870 1514 989 1603 'pro
1058 1514 1350 1584 beneficio
1415 1526 1629 1605 eipar
1696 1528 1893 1604 gratis.
1938 1528 2214 1587 refertur.
2279 1546 2418 1585 nam
2468 1525 2809 1585 Ballionem
2841 1553 2843 1556 ·
2880 1526 3042 1584 ἱ11ιιιιι

291 1694 294 1696 ,
344 1628 870 1713 improbissimum
904 1608 963 1687 et
1008 1630 1497 1708 periurissimum·
1531 1631 1824 1691 lenonem·
1861 1651 1994 1691 cum
2037 1632 2181 1711 agit,
2230 1623 2356 1710 agit
2386 1628 2750 1705 Chaeream3
2796 1650 3050 1709 persona

353 1735 463 1793 illa
493 1734 829 1812 lutulenta,
880 1735 1137 1813 impura,
1185 1735 1382 1794 invisa
1429 1736 1491 1793 in
1521 1734 1703 1794 >huius
1735 1735 2015 1808 moribus,
2067 1744 2285 1812 natura
2324 1734 2575 1814 vitaque
2607 1745 2703 1811 est
2742 1732 3043 1814 expressa'

353 1837 456 1922 (cf.
525 1842 702 1900 etiam·
750 1839 895 1899 ibid.
970 1843 1069 1915 17,
1128 1837 1259 1924 50).
1328 1841 1526 1902 Ballio
1591 1849 1816 1920 autem,
1888 1852 1954 1902 ut
2007 1842 2302 1904 Phormio
2365 1850 2424 1899 et
2489 1841 2734 1901 Gnatho
2801 1841 3052 1920 parasiti

354 1946 731 2029 Terentiani
773 1940 1037 2006 hominis
1102 1945 1328 2010 sordidi
1395 1949 1736 2028 exemplar
1768 1947 2130 2022 habebatur;
2198 1950 2274 2007 cf.
2341 1969 2424 2007 or.
2485 1947 2646 2008 Phil.
2705 1947 2768 2005 ΙΙ
2826 1948 3046 2021 6,15:

358 2050 558 2109 ‘hodie
590 2073 711 2111 non
746 2050 1057 2111 descendit
1088 2051 1428 2111 Antonius?
1474 2053 1618 2111 cur?
1666 2053 1776 2113 dat
1813 2054 2158 2114 nataliciam
2205 2056 2268 2113 in
2315 2053 2518 2112 hortis.
2569 2051 2704 2110 cui?
2752 2052 3048 2110 neminem

354 2131 703 2214 nominabo:
754 2165 963 2235 putate
1007 2165 1133 2215 tum
1166 2155 1531 2216 Phormioni
1560 2158 1761 2237 alicui,
1810 2167 1938 2219 tum
1985 2157 2309 2231 Gnathoni,
2357 2166 2482 2216 tum
2529 2152 2834 2215 Ballioni!
2887 2156 3047 2218 cuius

354 2261 609 2320 nominis
655 2263 1137 2339 commemoratio
1186 2282 1256 2321 eo
1302 2263 1543 2336 maioris
1590 2264 1652 2321 in
1700 2263 1813 2323 hoc
1856 2267 2288 2322 sententiarum
2319 2283 2556 2333 ‚conexu
2588 2272 2717 2322 erat
2746 2263 3048 2342 momenti,

356 2366 517 2445 quod
580 2367 772 2440 cuivis
811 2358 1207 2426 'audientium
1272 2378 1431 2427 certe
1494 2370 1556 2428 in
1592 2347 1967 2428 ‘memoriam
2031 2377 2122 2429 est
2165 2363 2450 2428 revocata
2495 2368 2890 2444 scaenailla,
2954 2365 3056 2423 ubi.

354 2471 552 2530 Ballio
600 2472 757 2530 diem
803 2473 1066 2554 natalem
1116 2454 1524 2533 celebraturus
1570 2475 1835 2534 omnium
1882 2494 1946 2534 se
1993 2475 2243 2554 praebet
2287 2468 2835 2555 impurissimum.¹)

565 2577 734 2635 Haec
780 2586 921 2639 sunt
965 2579 1183 2652 omnia,
1244 2599 1406 2657 quae
1450 2562 1574 2657 'ego
1622 2580 1866 2659 quidem
1924 2580 1998 2637 de
2055 2580 2273 2637 Plauto
2319 2580 2568 2657 eiusque
2612 2575 2847 2635 fabulis·
2887 2578 3050 2634 inve·

358 2682 488 2739 nire
518 2681 915 2767 *potuiapud
964 2681 1337 2743 Ciceronem.
1387 2674 1526 2742 sunt
1571 2685 1754 2761 igitur
1799 2684 1915 2771 loci
1963 2683 2106 2760 XV,
2175 2681 2398 2762 quibus
2463 2681 2578 2740 hoc
2633 2679 2709 2739 de
2744 2680 3054 2754 poetafit

357 2788 606 2859 mentio,
655 2800 860 2846 versus
906 2796 1109 2847 autem
1154 2809 1191 2846 a
1234 2786 1535 2854 Cicerone
1575 2790 1838 2863 citantur
1882 2802 2001 2847 non
2046 2789 2184 2868 plus
2235 2788 2372 2846 VII.

567 2894 872 2974 Deinceps
919 2893 1152 2954 dicatur
1184 2893 1257 2953 de
1292 2894 1617 2953 Caecilio
1666 2886 1926 2969 Statio,
1987 2896 2153 2953 cuius
2198 2893 2437 2952 fabulas
2465 2891 2745 2953 ·mediam
2789 2884 3052 2949 tenuisse

357 3000 527 3077 quasi
574 3000 737 3057 viam
779 2999 938 3058 inter
967 2999 1285 3058 Plautinas
1328 3009 1387 3059 ct
1416 3001 1813 3081 Terentflianas
1843 3001 1974 3081 iure
2005 2996 2237 3059 monuit
2267 2997 2495 3057 Ritschl
2528 2995 2772 3071 Parerg..
2806 3015 2874 3074 p.
2913 2996 3048 3070 145.

359 3106 462 3183 qui
510 3125 642 3163 cum
692 3102 1009 3163 Menandri
1046 3107 1383 3186 'praecipue
1430 3105 1771 3165 comoedias
1825 3106 1947 3170 sibi·
1988 3103 2388 3183 proposuerit·
2430 3100 2767 3184 imitandas,
2819 3096 2927 3182 (cf.
2985 3097 3052 3154 de

356 3219 478 3288 opt.
526 3229 662 3287 gen.
713 3230 794 3267 or.
832 3212 887 3281 6,
929 3202 1036 3284 18;
1086 3210 1161 3270 de
1205 3210 1383 3269 fin..1
1432 3199 1596 3292 2,,4,
1646 3210 1885 3269 Teuffel
1932 3208 2130 3271 ‘Caec.
2180 3209 2350 3283 Stat„
2398 3209 2694 3288 Pacuv3.
2729 3248 2744 3262 .
2779 3204 2911 3284 ‘.p.
2967 3199 3060 3282 4)‚·

358 3316 523 3373 cuius
569 3326 848 3397 magnam
892 3316 1076 3374 fuisse
1121 3316 1182 3373 in
1230 3313 1521 3375 Cicerone
1567 3316 2029 3409 admirationem
2076 3315 2299 3392 Lange·
2341 3325 2401 3392 Ρ.’
2449 3313 2524 3370 51
2578 3331 2668 3389 sq.
2701 3318 2891 3368 recte
2920 3327 3048 3366 con-

356 3417 565 3496 tendit,
614 3440 731 3478 non
779 3418 1146 3493 mirabimur,
1213 3421 1263 3478 si
1329 3422 1582 3499 saepius
1636 3419 1816 3478 huius
1884 3428 2100 3499 poetae
2165 3430 2384 3487 nomen
2450 3414 2622 3475 nobis
2687 3399 2952 3483 occurrit
2996 3413 3050 3469 in

357 3524 591 3603 scriptis
638 3524 1069 3584 Ciceronianis.
1139 3540 1506 3603 quamquam
1556 3504 1798 3601 Langio
1864 3544 1937 3582 ea
1982 3525 2044 3582 in
2094 3544 2156 3592 ie
2203 3542 2444 3604 prorsus
2479 3541 2610 3580 non
2659 3538 2909 3599 possum
2955 3515 3049 3575 ad-

358 3630 588 3714 sentiri,
637 3618 832 3708 quod
842 3649 1046 3687 omnes
1093 3632 1222 3688 fere
1266 3628 1498 3707 laudem·
1531 3623 1768 3708 quibus
1815 3627 2024 3688 Cicero
2081 3630 2338 3690 comicos
2403 3626 2736 3693 cumulavit
2780 3623 3048 3703 LatinOS,

362 3734 438 3793 ad
489 3733 879 3810 Menandrum
929 3735 1169 3814 qnoque
1217 3735 1424 3792 referri
1474 3734 1624 3811 vult,
1677 3753 1796 3813 qua
1843 3734 1916 3791 de
1960 3753 2025 3792 re
2059 3734 2394 3801 accuratius
2440 3731 2600 3789 infra
2631 3727 3052 3808 disputabitur.

356 3860 516 3898 nunc
565 3838 641 3898 ad
687 3860 829 3911 rem¹⁴
856 3840 1049 3919 ipsam
1081 3838 1473 3907 redeundum.
1523 3859 1593 3898 ac
1631 3837 1890 3919 primum
1923 3836 2336 3918 quaerendum
2369 3844 2489 3913 est,·
2529 3834 2674 3914 quid
2709 3832 2786 3892 de
2816 3832 3052 3912 poetica

311 3947 317 3952 ⁴
358 3944 609 4003 Caecilii
653 3934 943 4003 facultate
976 3946 1231 4003 senserit
1260 3944 1521 4009 Tullius.
1550 3944 1647 4003 -de
1689 3964 1825 4023 qua·
1865 3942 2052 4022 paulo
2101 3940 2350 4000 dubium
2398 3942 2629 4019 profert
2659 3937 2953 3997 iudicium
2985 3935 3052 3993 de

362 4058 484 4128 opt.
532 4070 668 4127 gen.
720 4070 803 4108 or.
859 4053 913 4122 1,
964 4052 1032 4135 2:
1097 4051 1336 4128 ‘itaque
1390 4050 1531 4109 licet
1595 4048 1796 4108 dicere
1842 4048 2110 4109 Ennium
2177 4066 2468 4118 summum
2529 4046 2782 4125 epicum·
2815 4051 3046 4134 poetam

569 4225 613 4289 ¹)
635 4225 758 4286 12,
798 4222 991 4286 13-923
1031 4222 1097 4273 cf.
1134 4238 1186 4272 v·
1224 4223 1291 4274 30
1329 4236 1467 4287 sqq..
1630 4271 1705 4278 „

761 4308 959 4371 ‘Haec‚
980 4325 1159 4389 quom
1199 4310 1322 4374 ego
1334 4324 1368 4359 a
1402 4302 1517 4359 ford
1557 4314 1813 4371 reuertar,
1853 4306 2013 4358 facite
2050 4311 2110 4357 ut
2147 4271 2412 4357 offendam
2450 4310 2647 4372 parata,
2699 4312 2703 4314 ’

774 4398 937 4446 uorsa
974 4411 1163 4462 sparsa
1196 4394 1339 4446 tersa
1376 4402 1544 4447 strata
1582 4394 1731 4446 lauta
1766 4399 2074 4460 structaque
2112 4393 2291 4445 om'nia
2337 4399 2398 4444 nt
2441 4395 2593 4458 sint3

774 4500 897 4533 nam
934 4486 1005 4533 mi
1042 4483 1254 4533 hodiest
1289 4480 1488 4534 natalis
1524 4484 1661 4534 dies:
1701 4499 1822 4552 eum
1861 4480 2016 4533 decet
2053 4482 2224 4531 omnis
2260 4496 2358 4531 uos
2397 4430 2805 4541 concelebrare!
2856 4552 2861 4556 ι

1780 5030 1801 5036 -
1820 5029 1952 5039 *4⁷
1967 5033 2135 5040 ...m-,ja
2148 5036 2155 5040 .
2186 5038 2200 5040 ‚a
2211 5031 2318 5040 --ψᾷᾈ
