3300 5059
226 436 324 523 nn.
352 440 598 503 1205=1214:

182 553 233 608 str.
256 546 305 619 τίς
327 544 364 607 ἐν
386 546 512 624 πόνοις,
533 547 582 620 τίς
604 548 696 620 ἄταις
718 543 846 628 ἀγρίαις
918 571 1001 606 ons
1013 598 1039 607 -
1051 585 1067 605 υ
1081 546 1129 606 ι’
1146 576 1194 606 ι.-
1209 571 1237 606 n
1249 583 1265 605 υ
1277 595 1304 606 ..

172 657 233 710 ant.
257 649 378 727 δικάζει
399 650 458 713 τὸν
480 651 609 732 ἄγαμον
630 650 737 731 γάμον
760 649 867 710 πάλαι.
917 691 933 709 o
948 683 994 711 n-
1012 683 1060 711 ι.
1081 664 1125 711 ἀι
1146 702 1167 710 -
1182 680 1263 710 ons
1277 702 1302 709 -

141 774 321 834 quamquam
352 755 447 814 omnis
478 755 666 835 corruptelae
697 753 874 814 statuendae
898 756 949 813 via
974 764 1038 814 erat
1061 756 1226 834 praeclusa,
1258 753 1488 834 transpositione

139 866 234 919 metro
262 859 380 919 labanti
356 868 574 919 tsuccurrere
597 860 695 919 conati
718 868 786 919 sunt
810 858 949 920 editores.
977 858 1083 918 Herm.
1106 861 1197 938 igitur
1223 858 1364 940 strophae
1386 858 1488 919 verbis

138 964 376 1043 transposition
357 940 407 1038 τίς
440 965 531 1038 ἄταις
558 962 636 1047 ἀγρί
634 984 745 1042 αις,τ
726 962 838 1039 τίςέν
864 964 990 1042 πόνοις,
1021 964 1144 1044 insuper
1175 964 1207 1022 in
1236 973 1297 1023 snt.
1320 964 1379 1027 τὸν
1406 964 1487 1026 ind

137 1068 276 1141 mutavit,
310 1088 384 1147 quas
413 1070 612 1129 correctiones
643 986 774 1149 recepitg
789 1068 895 1141 Diod„
920 1068 1022 1148 Bergk
1055 1069 1174 1148 scripsit
1195 1068 1243 1143 τίς
1274 1066 1310 1131 ἐν
1336 1068 1487 1131 πόνοισιν

135 1171 184 1246 τίς
208 1171 337 1255 ἀγρίαις
352 1174 446 1247 ἄταις
468 1175 527 1233 et'
519 1194 550 1233 1n
578 1182 639 1232 ant.
662 1174 769 1257 γάμον
791 1172 911 1249 δικάζει
932 1172 991 1235 τὸν
1014 1174 1141 1255 ἄγαμον
1163 1192 1207 1245 π.,
1231 1172 1263 1231 J.
1287 1173 1329 1235 H.
1353 1170 1488 1232 Schmidt

140 1297 157 1336 e
186 1278 286 1358 priore
311 1277 491 1339 Gleditschii
523 1278 694 1338 coniectura
724 1279 773 1353 τίς
800 1281 892 1352 ἄταις
919 1276 955 1339 ἐν
983 1276 1110 1361 ἀγρίαις
1131 1279 1180 1352 τίς
1202 1275 1238 1339 ίν
1260 1277 1389 1351 πόνοις;
1422 1278 1487 1353 ipse

138 1379 295 1443 Gleditsch
317 1392 425 1464 postea
446 1383 494 1458 τίς
516 1385 618 1462 ἄταις,
640 1384 689 1458 τίς
711 1382 838 1466 ἀγρίοις
859 1384 975 1456 πόνοις
994 1383 1162 1458 <τόσοις>.

224 1486 260 1547 Ο.
286 1485 320 1548 O.
346 1490 552 1549 121=1532

178 1600 228 1651 str.
252 1592 377 1654 λεύσατ’
401 1591 513 1670 αὐτόν,
535 1592 741 1676 προσδίρκου
770 1621 795 1652 n
812 1633 829 1653 υ
845 1625 869 1653 n
883 1620 910 1652 n
923 1644 947 1653 -
962 1643 988 1653 -
1001 1644 1028 1653 -

167 1705 228 1756 ant.
253 1696 318 1759 ἀλλ’
343 1698 383 1761 ού
405 1697 472 1779 μάν
494 1697 531 1760 ἔν
553 1700 581 1779 γ’
598 1696 679 1779 ἐμοί.
766 1728 833 1760 n..
847 1730 871 1758 u
885 1751 912 1759 -

133 1801 339 1885 προσδέρκον
366 1803 481 1865 λεύσσέ
506 1825 560 1865 νιν
582 1802 758 1862 Hermanno
786 1812 951 1882 praecunte
975 1801 1092 1877 Nauck,
1125 1804 1231 1864 ledoo'
1254 1799 1365 1881 αὐτόν,
1388 1820 1485 1889 προσ-

134 1905 258 1989 δρακού
274 1907 425 1970 Meincke.
450 1909 481 1966 in
496 1907 624 1967 Medicei
639 1908 739 1967 verbis
760 1927 817 1987 per
840 1928 872 1966 se
894 1908 972 1967 nihil
996 1906 1136 1988 displicet
1150 1943 1187 1952 —
1200 1908 1388 1988 coryphaeus
1404 1911 1485 1971 enim

135 2010 229 2070 verba
251 2012 385 2090 gestibus
408 2013 573 2073 inlustrans
596 2032 652 2092 per
672 2012 821 2093 pluralem
845 2012 970 2074 λεύσαά
995 2032 1098 2072 omnes
1122 2012 1288 2086 chonenias,
1311 2033 1367 2093 per
1388 2030 1484 2098 προσ-

134 2114 253 2198 δέρκου
270 2125 300 2176 ct
315 2118 530 2200 προσπεύθου
546 2118 680 2195 singulos
698 2117 872 2196 adloquitur
881 2152 933 2192 —,
944 2118 1004 2177 nisi
1020 2116 1100 2196 quod
1121 2118 1224 2177 aoristi
1241 2117 1325 2177 verbi
1339 2118 1485 2181 λεύσσειν

132 2241 192 2279 non
216 2222 274 2281 alia
298 2220 474 2283 adferuntur
497 2222 638 2302 exempla
660 2243 750 2303 quam
774 2223 963 2283 Manethonis
979 2222 1009 2282 V
1026 2226 1079 2296 43,
1103 2221 1243 2294 V1487,
1269 2225 1342 2286 620.
1369 2222 1422 2282 sed
1445 2244 1484 2283 ne

133 2327 177 2385 sic
217 2326 338 2406 quidem
377 2327 414 2386 ad
451 2328 616 2387 violentam
651 2327 820 2387 Hermanni
858 2326 1092 2404 confugiendum
1127 2334 1172 2386 est
1208 2326 1409 2386 coniecturam
1454 2336 1484 2387 et

134 2431 253 2510 singula
267 2432 361 2491 verba
374 2434 526 2492 ’mutantis
550 2442 579 2493 et
601 2434 834 2512 transponentis,
859 2433 972 2513 quippe
995 2452 1063 2491 cum
1085 2433 1117 2491 in
1139 2439 1282 2511 promptu
1301 2432 1339 2490 sit
1355 2432 1485 2492 scribere

132 2538 272 2600 λεύσσετ’
289 2535 404 2616 αὐτόν,
418 2537 633 2620 προσδέρκον.
651 2546 791 2612 ceterum,
809 2546 842 2595 ut
857 2537 913 2596 hoc
929 2535 1048 2610 addam,
1065 2535 1104 2595 de
1119 2537 1260 2596 trisemae
1276 2534 1348 2596 sede
1363 2545 1486 2618 propter

133 2641 268 2723 syllabas
287 2642 393 2721 longas
417 2652 608 2701 coacervatas
629 2642 765 2702 dubitare
779 2643 886 2723 possis.
913 2641 985 2701 licet
1002 2642 1093 2700 etiam
1108 2642 1207 2701 metiri
1222 2656 1276 2705 [ἐς
1291 2693 1315 2703 -
1329 2695 1351 2703 -
1366 2671 1393 2702 ι
1406 2664 1434 2703 2
1448 2687 1483 2704 -.

220 2744 257 2806 Ο.
276 2744 309 2807 0.
330 2747 532 2807 535=542:

175 2858 225 2910 str.
251 2850 307 2913 σαί
327 2854 352 2913 τ’
369 2852 418 2933 ἄρ’
436 2850 517 2913 είσίν
540 2849 701 2932 ἀπόγονοί
720 2871 754 2913 τε
777 2850 832 2913 καὶ
862 2880 888 2911 ε
901 2890 1145 2914 sssssss

164 2964 224 3018 ant.
250 2955 399 3032 δύστανε,
422 2957 455 3017 τί
474 2956 553 3038 γάρ,·
575 2954 657 3018 ἔθου
681 2957 796 3038 φόνον.
866 2990 1145 3018 ........

138 3057 233 3122 αὗται
261 3058 323 3143 γὰρ
350 3059 510 3142 ἀπόγονοι
536 3061 607 3122 τεαί
629 3061 742 3135 Herm,
777 3062 834 3123 σαί
862 3063 930 3145 τᾶρ’
955 3063 995 3148 ίσ’
1020 3060 1086 3145 (ἀμ’
1111 3060 1319 3143 Bellermann)
1347 3058 1377 3121 ἀ.
1400 3080 1427 3121 τ.
1451 3080 1480 3121 κ.

135 3164 239 3243 Reisig
263 3172 293 3223 et
314 3164 426 3243 Bergk,
450 3160 500 3246 ἀρ’
517 3164 599 3227 εἰσίν
622 3163 783 3246 ἀπόγονοί
803 3186 838 3227 τε
859 3166 914 3227 καί
935 3164 1047 3225 Nauck
1077 3166 1110 3224 in
1139 3165 1185 3225 ed.
1210 3162 1398 3225 Schneidew.
1422 3164 1480 3224 III.

221 3266 257 3327 Ο.
282 3267 316 3328 0.
343 3270 587 3330 1074=10851

173 3380 225 3432 str
249 3372 652 3456 &praeoccupationem
676 3373 720 3449 ὡς
754 3406 995 3438 „nonne
1014 3430 1039 3438 -

163 3486 224 3537 ant.
248 3474 287 3539 lh
311 3481 387 3556 Ζεῦ,
409 3480 570 3562 πάνταρχε
592 3483 691 3542 θεῶν.
760 3513 886 3541 nr„

129 3581 240 3642 Nauck
279 3603 295 3642 e
335 3583 499 3643 Steinharti
540 3586 709 3644 coniectura
745 3585 839 3645 edidit
875 3522 1262 3669 sodoor‚1)lnd.cum
1303 3586 1479 3645 Hermanno

128 3685 282 3769 ἔρδουσιν
302 3686 322 3769 ἣ
345 3688 492 3769 μίλλονσ)
511 3690 569 3749 et
561 3710 592 3747 ιο
617 3698 677 3748 ant.
695 3688 733 3752 ίὼ
757 3690 920 3774 πάνταρχε
941 3694 1032 3752 θεῶν
1050 3687 1055 3772 Ι
1075 3691 1243 3753 παντόπτα
1267 3693 1331 3752 Ζεῦ
1354 3690 1480 3773 πόροις,

129 3791 285 3853 Gleditsch
307 3801 421 3853 temere
444 3794 564 3854 refinxit
587 3794 814 3875 antistropham.

215 3897 253 3959 Ο.
277 3897 312 3958 O.
339 3900 585 3960 1677=17042

171 4012 221 4063 str.
247 4006 316 4067 XO.
328 4007 361 4066 τί
373 4005 401 4067 δ’
412 4003 515 4085 ἔστιν·
530 4006 603 4067 ΑΝ.
616 4004 676 4068 ούκ
690 4004 777 4067 ἔστιν
786 4004 851 4086 ’μὲν
866 4005 1002 4085 εἰκάσαι,
1016 4007 1105 4088 φίλοι
1115 4046 1132 4066 υ
1142 4036 1168 4065 ε
1178 4046 1194 4066 υ
1203 4060 1229 4068 -
1241 4059 1267 4068 -
1277 4036 1305 4067 ε
1314 4046 1330 4065 o
1343 4058 1366 4065 -
1375 4034 1479 4068 ono-

161 4117 221 4167 ant.
246 4110 317 4171 XO.
333 4106 485 4193 ἔπραξεν·
532 4112 604 4171 ΑΝ.
622 4106 758 4192 ἔπραξεν
781 4108 854 4173 οἷον
875 4112 1002 4191 ἤθελεν.
1116 4141 1195 4171 ono
1212 4145 1259 4171 n-
1279 4138 1479 4170 aheno-

128 4213 232 4274 Herm.
255 4216 287 4272 in
320 4223 371 4278 str.
395 4214 456 4278 οὐκ
488 4216 635 4295 expunxit
666 4208 768 4273 contra
799 4224 908 4294 poetae
940 4224 1086 4292 mentem3
1118 4218 1273 4296 Antigona
1300 4215 1379 4275 enim
1407 4213 1480 4272 dicit

126 4324 241 4377 tantum
265 4336 332 4378 esse
355 4319 496 4393 dolorem,
523 4340 649 4400 quocum
673 4319 748 4377 nihil
772 4320 865 4398 possit
887 4322 1053 4399 comparari
1077 4322 1126 4393 (cl.
1151 4320 1242 4379 schol.
1268 4317 1345 4382 οὐδὲ
1368 4317 1479 4381 εἰκόνα

127 4419 188 4500 ἔχω
216 4424 327 4505 λαβεῖν
353 4433 412 4486 τοῦ
434 4425 565 4499 πάθους
588 4434 617 4483 et
638 4445 667 4482 v.
693 4426 776 4485 1675
809 4422 846 4485 ἐν
867 4426 1002 4511 πυμάτῳ
1030 4425 1058 4486 δ’
1079 4422 1232 4505 ἀλόγιστα
1253 4422 1478 4508 παροίσομεν).

128 4527 321 4588 Bellermann
346 4530 472 4588 alterum
495 4527 632 4613 ἔπραξεν
653 4529 685 4586 in
707 4524 878 4612 ἐξέπραξεν
897 4533 1033 4603 mutavit,
1059 4528 1137 4609 quod
1154 4529 1200 4589 his
1217 4529 1351 4590 defendit
1364 4530 1480 4591 verbis:

1338 4636 1392 4686 11*
