3300 5059
199 199 218 255 8

199 395 314 448 restant
335 405 450 458 versus,
475 385 526 465 qui
549 385 607 443 hac
630 385 827 446 excusatione
846 393 956 457 carent,
981 385 1059 443 alter
1073 385 1106 443 in
1122 385 1305 444 carminibus
1320 385 1440 463 generis
1458 387 1562 464 epici:

197 493 290 552 XXV
316 493 377 550 189
402 477 445 564 aa
468 487 569 550 εἰπὼν
590 497 709 569 μεστῆς
731 485 892 570 ἐξηρώησε
914 490 1085 566 κελεύθου,
1119 490 1196 548 alter
1216 491 1249 547 in
1278 489 1389 569 edyliis
1421 491 1563 550 incertae
1587 562 1588 565 ρ

124 681 130 694 .
199 595 336 674 originis:
359 595 440 654 XXI
465 597 504 652 66
528 591 616 667 ἐλπίς
637 601 704 654 τῶν
726 593 850 654 ὕπνων.
876 594 959 668 ζοίτει
980 593 1039 654 τὸν
1062 595 1219 676 σάρκινον
1242 594 1350 673 ἰχθύν.

286 725 420 784 Proximi
443 725 532 783 huius
555 723 636 782 modi
660 723 806 796 versibus,
831 725 857 782 si
877 725 1078 802 frequentiam
1095 734 1274 802 spectamur,
1299 733 1369 783 sunt
1384 725 1559 786 hexametri

198 829 238 890 ad
270 829 422 890 schemata
458 829 548 888 ddssd
578 836 607 886 et
634 826 720 886 sdssd
748 829 935 901 conformati,
967 829 1060 907 paulo
1092 830 1310 908 frequentiores
1342 840 1412 889 sunt
1447 853 1559 892 versus

199 935 326 994 formam
350 933 436 992 dsssd
460 931 648 992 exhibentes.
684 953 761 1010 quae
788 952 930 991 versuum
957 934 1081 1005 formae,
1107 953 1290 1012 quamquam
1313 935 1345 992 in
1368 956 1557 1016 unoquoque

198 1059 309 1117 genere
332 1039 497 1096 carminum
513 1037 762 1095 Theocriteorum
778 1024 978 1116 reperiuntur,
1002 1046 1102 1094 tamen
1125 1057 1181 1115 per
1203 1037 1323 1115 singula
1346 1041 1481 1098 carmina
1504 1063 1557 1099 ne-

198 1163 349 1222 quaquam
374 1141 543 1220 aequaliter
566 1140 744 1198 distributae
776 1150 854 1213 sunt,
888 1140 921 1198 id
944 1141 1024 1219 quod
1056 1143 1220 1221 praecipue
1253 1143 1337 1200 valet
1365 1142 1404 1202 de
1426 1143 1558 1224 edyIIiis

199 1247 343 1306 bucolicis
372 1255 401 1304 et
429 1245 565 1304 mimicIs.
600 1245 632 1302 in
661 1244 707 1301 his
736 1244 858 1322 quidem
886 1245 978 1322 longe
1001 1246 1165 1303 maximum
1193 1266 1350 1304 numerum
1377 1248 1555 1319 formarum,

199 1347 238 1408 aa
271 1349 380 1429 quibus
415 1351 523 1427 agua,
557 1347 682 1407 exhibet
705 1369 729 1409 a.
753 1348 836 1420 xv,
869 1350 901 1406 sn
930 1333 992 1407 ina
1016 1369 1057 1408 ω.
1082 1350 1171 1408 vur.
1201 1361 1230 1408 e
1252 1351 1310 1409 xi.
1346 1351 1554 1410 abiverant

199 1454 266 1513 aliis
301 1454 420 1532 generis
452 1453 582 1513 bucolici
613 1454 663 1511 vcl
696 1454 808 1510 mimici
844 1452 1025 1512 calminibus
1054 1475 1115 1513 una
1143 1454 1278 1512 alterave
1302 1474 1340 1514 ex
1363 1456 1466 1514 formis
1491 1457 1557 1514 illis

199 1559 357 1637 reperitur,
391 1558 570 1637 plerumque
598 1557 769 1635 anaphorae
804 1557 854 1615 vel
882 1559 1012 1616 nominis
1040 1559 1155 1637 proprii
1187 1559 1280 1617 habet
1314 1561 1553 1618 excusationem.

197 1663 258 1718 iam
281 1662 362 1720 locos
386 1661 531 1734 adferam,
557 1661 665 1738 quibus
688 1662 803 1718 formae
827 1661 899 1719 illae
915 1663 1121 1734 inveniuntur,
1145 1663 1265 1720 initium
1282 1665 1405 1742 capiens
1421 1685 1439 1722 a
1454 1666 1554 1722 forma

198 1764 298 1837 ddsed,
333 1785 422 1844 quam
454 1765 486 1823 hi
520 1763 665 1824 exhibent
698 1785 817 1824 versus:
855 1761 886 1846 a)
911 1765 990 1825 VIII
1013 1769 1064 1838 61,
1094 1768 1149 1838 79;
1182 1766 1230 1825 IX
1256 1770 1310 1841 13;
1343 1767 1393 1825 XI
1416 1770 1467 1840 52,
1492 1770 1550 1839 54,

197 1866 228 1949 b)
255 1870 316 1928 XV
340 1872 396 1943 433
431 1867 459 1952 c)
488 1867 661 1941 XX11'88‚
689 1871 766 1942 146,
800 1869 895 1928 XXV
919 1870 969 1943 57,
1000 1871 1051 1942 63,
1076 1872 1127 1941 91,
1153 1873 1229 1944 2033
1260 1868 1294 1951 d)
1318 1891 1356 1929 ex
1384 1891 1427 1930 cc.
1452 1871 1553 1930 dubiis

157 1991 160 1995 ’
196 1973 255 2031 huc
278 1975 431 2052 pertinent
454 1993 557 2032 versus
580 1973 651 2031 duo:
675 1972 756 2031 XXI
780 1976 832 2046 56,
858 1975 909 2036 60.

284 2123 396 2182 Forma
420 2122 503 2182 dsssd
528 2131 612 2182 extat
636 2123 682 2180 his
705 2123 792 2180 Iocis:
816 2120 850 2204 a)
874 2123 890 2180 I
914 2125 986 2192 101,
1010 2124 1040 2179 in
1066 2141 1124 2200 quo
1148 2142 1239 2180 versu
1262 2142 1371 2182 nomen
1395 2125 1552 2202 proprium

198 2227 370 2305 anaphoras
393 2228 486 2306 figura
509 2229 665 2304 repetitur:
695 2272 725 2287 ..
746 2269 752 2283 .
771 2275 778 2288 .
797 2275 829 2289 ..
857 2271 863 2283 .
888 2227 1018 2309 Κύπρι
1039 2228 1165 2307 βαρεῖα,
1186 2225 1190 2306 Ι
1211 2227 1340 2308 Κύπρι
1361 2230 1551 2306 νεμεσσατιί,

123 2414 126 2420 ⁴
196 2332 324 2413 ,Κύπρι
346 2335 518 2392 θνατοῖσιν
542 2329 694 2410 ἀπεχθής,
727 2331 807 2389 VIII
835 2334 889 2406 623
920 2331 970 2388 XI
998 2335 1027 2403 4,
1062 2332 1116 2404 79;
1148 2327 1232 2411 1))11
1258 2332 1307 2403 16,
1333 2333 1382 2401 38,
1408 2333 1458 2401 39,
1499 2334 1551 2408 qui

201 2454 306 2493 versus
330 2455 432 2494 omnes
456 2435 611 2513 anaphora
634 2444 703 2492 sunt
726 2436 877 2512 insignes;
907 2436 939 2493 in
967 2435 1064 2513 primo
1092 2435 1183 2493 ctiam
1211 2435 1333 2491 nomina
1361 2437 1483 2512 propria
1509 2436 1552 2492 Ie-

195 2548 318 2615 guntur:
339 2583 497 2604 .......
515 2538 606 2619 μήτε
628 2559 663 2599 τι
686 2540 809 2621 Κίρκης
829 2538 834 2620 I
852 2539 946 2620 μήτε
968 2560 1003 2600 τι
1026 2537 1176 2618 Μηδείας
1197 2538 1293 2618 μήτε
1316 2535 1438 2611 ξανθᾶς
1458 2541 1551 2618 Περι-

194 2642 308 2722 μηόας,
343 2663 446 2702 versus
470 2643 546 2701 alter
569 2652 599 2701 et
621 2643 728 2702 tertius
751 2652 819 2702 sunt
843 2642 888 2699 hi:
918 2641 1012 2722 ,ἠνίὸε
1035 2651 1122 2724 σιγῇ
1149 2640 1209 2722 μὲν
1236 2642 1365 2716 πόντος,
1394 2650 1551 2721 σιγῶντι

194 2746 222 2806 θ’
247 2745 350 2826 ἀῆται·
372 2745 376 2825 Ι
397 2746 417 2808 ἁ
440 2747 467 2808 δ’
489 2746 548 2828 ἐμὰ
573 2746 612 2809 οὐ
636 2755 723 2830 σιγῇ
748 2747 892 2828 στέρνων
920 2745 1077 2808 ἔντοσθεν
1109 2745 1195 2821 οίνία,
1218 2745 1297 2803 XIV
1326 2747 1380 2818 46;
1414 2745 1476 2802 XV
1500 2749 1549 2816 37,

197 2851 247 2922 75,
275 2853 351 2925 116;
377 2849 405 2934 c)
429 2853 523 2911 XXV
547 2855 596 2924 36,
623 2855 699 2924 244;
724 2851 790 2908 XII
816 2854 871 2925 133
896 2853 992 2930 epigr.
1017 2851 1093 2931 1¹33
1118 2847 1151 2930 d)
1174 2850 1255 2906 XXI
1278 2851 1330 2909 67.

286 2999 337 3060 Ad
360 3002 487 3072 formam
511 3000 642 3080 denique
660 2999 745 3060 sdssd
761 3010 832 3059 sunt
848 3001 940 3058 efficti
955 3019 1076 3058 versus:
1101 2995 1132 3079 a)
1149 3000 1177 3058 V
1194 3002 1227 3073 7;
1252 3000 1331 3059 VIII
1349 3001 1388 3058 53
1407 2995 1544 3081 (anaph,:

194 3105 242 3184 μή
265 3127 330 3186 μοι
351 3112 414 3187 γοίν
437 3107 596 3182 Πέλοπος,
622 3105 669 3186 μή
693 3127 758 3184 μοι
781 3105 939 3186 Κροίσεια
966 3103 1132 3177 τάλαντα),
1164 3104 1212 3161 ΧΙ
1236 3107 1292 3177 41;
1328 3100 1547 3185 u)118,sr;

198 3209 229 3264 hi
262 3229 376 3280 versus,
409 3211 489 3267 inter
521 3229 594 3286 quos
627 3229 742 3266 summa
773 3207 935 3266 intercedit
968 3207 1143 3280 similitudo,
1178 3208 1405 3267 excusationem
1438 3207 1548 3264 habent

195 3302 325 3369 nominis
342 3313 465 3389 proprii,
488 3313 571 3389 prior
586 3313 666 3370 enim
688 3321 745 3370 est:
766 3313 926 3393 βασεῦμαι
949 3312 1024 3373 ποτὶ
1045 3311 1106 3373 τὰν
1127 3315 1158 3372 T
1155 3312 1323 3393 ιμαγητοιο
1339 3311 1548 3391 παλαίστραν,

195 3414 284 3472 alter:
307 3414 449 3496 τήρησον
471 3416 545 3478 ποτὶ
567 3416 627 3477 τὰν
648 3416 844 3496 Τιμαγήτοιο
860 3416 1077 3496 παλαίστραν,
1101 3416 1164 3474 XV
1181 3419 1232 3494 41,
1250 3418 1301 3488 42,
1329 3418 1402 3487 101;
1427 3411 1456 3495 c)
1472 3412 1548 3471 XVI

196 3519 229 3590 53
257 3517 352 3577 XVII
373 3521 412 3577 76
438 3515 575 3599 (anaph.:
599 3522 743 3593 πολλᾶς
771 3519 807 3580 δὲ
835 3519 960 3601 κρατέει
987 3520 1091 3599 γαίας,
1123 3521 1265 3592 πολλοῖς
1292 3518 1328 3580 δὲ
1354 3519 1547 3593 θαλύσσας);

195 3622 289 3680 XXV
313 3625 389 3697 2173
424 3620 604 3705 d)XXVII
627 3627 666 3684 36
691 3621 831 3706 (anaphr
864 3623 1014 3701 τεύχεις
1040 3644 1096 3701 μοι
1118 3623 1299 3702 θαλάμους,
1326 3622 1475 3699 τεύχεις
1496 3623 1548 3682 καὶ

195 3725 288 3806 θῶμα
310 3728 365 3789 καὶ
388 3727 523 3806 αύλοίς,·),
549 3730 599 3800 59,
626 3731 675 3788 61.

283 3877 324 3936 Ut
347 3886 448 3936 autem
470 3877 612 3950 breviter,
639 3896 716 3955 quae
740 3875 829 3934 modo
853 3876 990 3954 exposui,
1016 3875 1207 3953 complectar,
1233 3872 1380 3932 exhibent
1397 3881 1544 3951 quattuor,

198 4001 273 4060 quas
305 3991 475 4054 tractamus,
509 3981 677 4039 hexametri
705 3981 814 4038 formas
842 3981 873 4038 in
903 3979 1086 4038 carminibus
1109 3979 1299 4037 Theocriteis
1323 3997 1428 4036 versus
1450 3974 1545 4046 XLV,

196 4107 321 4165 quorum
355 4085 433 4146 duae
469 4087 532 4145 iere
568 4095 668 4164 partes
704 4081 844 4168 (XXIX)
876 4087 1068 4164 reperiuntur
1100 4085 1133 4142 in
1162 4104 1205 4146 cc.
1234 4083 1301 4145 buc.
1331 4092 1361 4140 et
1392 4082 1483 4153 mim,
1517 4083 1547 4138 in

196 4192 291 4269 epicis
315 4201 417 4250 autem
440 4212 500 4249 non
524 4191 593 4268 plus
616 4191 704 4250 XVI.
740 4199 831 4267 atque
867 4210 905 4248 ex
937 4190 1075 4248 versibus
1098 4189 1210 4247 XXIX
1244 4188 1305 4246 illis
1329 4195 1434 4246 extant
1455 4186 1547 4242 XVII

194 4295 226 4352 in
250 4315 291 4351 cc.
316 4297 416 4368 VIII,
440 4297 509 4369 XI,
543 4295 626 4367 XV,
656 4294 722 4352 XII
752 4290 893 4377 (quorum
916 4295 965 4355 IX
988 4293 1162 4372 anaphoras
1184 4294 1282 4370 figura
1305 4291 1355 4350 vel
1377 4291 1547 4348 nominibus

195 4399 324 4476 propriis
349 4395 545 4482 excusantur)
569 4399 600 4456 in
625 4419 666 4456 cc.
690 4397 726 4471 I.,
745 4397 794 4470 V.,
819 4399 888 4471 IX,
912 4399 965 4470 II,
992 4398 1091 4470 XIV,
1115 4397 1253 4470 XVIII.;
1277 4397 1397 4473 reliqua
1419 4396 1547 4453 carmina

193 4503 330 4562 bucolica
353 4504 422 4576 ΠΙ,
451 4505 518 4577 IV.,
548 4503 613 4576 VI,
645 4504 728 4575 VII,
753 4503 793 4561 X.
820 4503 1014 4562 huiusmodi
1051 4501 1190 4561 versibus
1218 4520 1339 4579 prorsus
1362 4509 1472 4558 carent.
1510 4520 1547 4557 cx
