3300 5059
282 437 340 517 Ag.
415 436 498 495 1488
579 436 613 497 τί
631 434 695 518 γὰρ
715 436 847 518 βροτοῖς
871 436 951 497 ἀνευ
973 431 1055 507 Διὸς
1076 434 1222 495 τελεῖται

282 542 389 623 Suppl.
417 542 499 601 1078
519 560 563 616 sq.
582 540 664 614 Ζεὺς
686 534 767 615 ἄναξ
790 537 996 622 ἀποστεροίτγ
1019 539 1126 620 γάμον
1147 537 1314 620 δυσάνορα

281 647 365 707 Pers.
433 647 496 706 588
517 665 561 725 sq.
579 643 687 707 ούκέτι
708 652 1013 727 περσονομοῦνται,
1032 640 1037 726 Ι
1058 642 1127 706 ούδ
1144 642 1190 706 ἔτι
1213 644 1492 727 δασμοφοροῦσιν

283 750 389 832 Suppl.
457 752 499 810 48
580 748 846 831 ἀνθονομούσας
867 749 1036 831 προγόνου
1098 762 1100 765 ’

437 856 501 915 810
521 874 566 933 sq.
582 860 626 938 τῷ
648 852 711 937 γὰρ
733 856 852 916 θανεῖν
874 851 1121 934 ἐλευθεροῦ-μαι
1143 853 1343 934 φιλαιάκτων
1365 861 1475 917 κακῶν

283 961 342 1040 Ag.
438 962 500 1020 882
582 957 684 1032 θεοὺς
705 959 848 1041 βροτόν·
872 954 1057 1034 ἀξιοῦσθαι
1080 950 1233 1039 μέλειν

434 1066 496 1126 751
577 1064 798 1125 τεκνοῖ-σθαι-
818 1060 894 1144 μηδ
917 1060 1040 1123 άπαιδα
1061 1064 1231 1144 θνῄσκειν

283 1167 357 1231 010.
455 1168 497 1228 45
519 1187 563 1247 sq.
580 1165 721 1241 δύσθεος
742 1167 840 1247 γυνά·
866 1167 1044 1249 φοβοῦ-μαι
1066 1165 1094 1227 δ’
1110 1164 1188 1239 ἔπος
1209 1165 1276 1229 τόδ’
1293 1164 1440 1249 ἐκβαλεῖν
1518 1153 1520 1157 ’

456 1276 496 1335 56
518 1292 563 1353 sq.
578 1279 642 1333 νῦν
664 1269 846 1353 ἀφίσταται.
870 1272 1030 1354 φοβεῖται
1052 1270 1090 1334 δέ
1110 1292 1159 1345 τις
1180 1271 1246 1334 τόδ’
1264 1270 1409 1353 εὐτυχεῖν

457 1380 500 1438 80
580 1376 696 1456 στύγος
717 1376 903 1459 κρατού-σγγ.
927 1374 1059 1457 δακρύω
1082 1374 1110 1437 δ’
1126 1374 1182 1457 ὑφ’
1203 1374 1343 1457 εἱμάτων

433 1482 496 1543 412
517 1500 564 1560 sq.
582 1481 745 1562 σπλάγχνα
768 1479 805 1544 δέ
826 1502 883 1561 μοι
905 1483 1133 1543 κελαι-νοεῖται
1155 1480 1237 1563 πρὸς
1260 1480 1337 1555 ἔπος
1359 1483 1517 1566 κλυού-σμ

283 1584 343 1665 Ag.
435 1587 500 1647 088
518 1604 563 1665 sq.
578 1584 685 1667 μήτις
700 1584 799 1647 ὅντιν’
815 1584 875 1665 οὐχ
891 1584 1030 1667 δρῶ-μεν
1045 1586 1242 1666 προνοί-αις·
1258 1595 1316 1648 τοῦ
1332 1586 1550 1669 πεπρωμένου

414 1691 496 1751 1582
545 1727 547 1730 -
577 1688 745 1772 ἀμηχανοῦ-
768 1689 946 1774 φροντίδος
967 1690 1155 1772 στερη-θεὶς.

824 1794 917 1874 Soph.

285 1898 323 1961 0.
346 1901 384 1961 R.
439 1901 503 1961 181.
517 1921 562 1975 sq.
579 1901 732 1983 Ἄρτεμιν,
755 1900 955 1962 ἀκυκλόεντ
972 1898 1094 1982 ἀγοραῖς
1115 1902 1243 1983 θρόνον
1264 1900 1378 1965 εὐκλέα
1391 1898 1550 1985 θάσ-σειῖ)

416 2006 498 2064 1218
580 2001 703 2086 ἐφηῦρέ
725 2004 899 2065 σ’ἀ-κονθ’
924 2004 943 2066 ὁ
964 2004 1064 2067 πάνθ’
1090 2004 1178 2087 όρῶυ
1199 2006 1317 2086 χρόνος

285 2106 499 2170 Ο.0.1075
582 2105 625 2183 ὡς
647 2108 845 2192 προμνυῖταί
864 2108 898 2172 τί
917 2130 974 2191 μοι
1308 2192 1310 2197 Ι

415 2214 497 2275 1571
581 2212 752 2277 εὐνάσθαι
773 2213 987 2290 κνυζεῖ-σθαί-
1010 2216 1036 2275 τ’
1053 2210 1086 2288 ἐξ
1109 2215 1238 2295 ἀντρων

281 2317 332 2377 Αἰ.
435 2320 496 2378 891
577 2317 667 2391 τέλος
688 2317 825 2398 θάνοιμι
847 2316 978 2393 καύτός
1116 2330 1118 2333 ’

188 2504 191 2508 ,
435 2422 497 2483 852
541 2480 547 2492 ,
579 2420 788 2504 ἀμφίδρομον
808 2425 983 2486 κυκλεῖται

191 2545 193 2549 ”
283 2528 332 2587 ΕΙ.
415 2526 501 2588 1070
580 2526 630 2588 ότι
653 2540 732 2606 σφιν
752 2525 827 2608 ἥ-διγ
848 2528 888 2589 τά
910 2526 971 2609 μέν
993 2524 1029 2590 ἐκ
1052 2526 1164 2608 δόμων
1184 2536 1285 2590 νοσεῖ·
1300 2528 1339 2591 τὰ
1362 2528 1399 2591 δὲ
1422 2538 1452 2589 et
1475 2550 1504 2610 q.
1521 2550 1546 2589 ε.

285 2631 323 2694 Ο.
345 2633 382 2693 R.
436 2631 499 2691 205
579 2630 674 2713 βέλεα
694 2629 819 2713 θέλοιμ’
844 2630 885 2694 ἀν
908 2630 1042 2713 ἀδάματ
1066 2630 1284 2696 ἐνδατεῖσθαι

282 2735 331 2795 ΕΙ.
416 2734 717 2817 1072ερφφύλοπις
739 2734 841 2798 οὐκέτ’
858 2732 1031 2811 ἐξισοῦται
1054 2737 1230 2821 φιλοτασίῳ
1253 2736 1332 2799 διαί-

581 2857 635 2925 τγι·
650 2841 812 2923 πρόδοτος
835 2840 871 2905 δὲ
893 2840 979 2923 μόνα
1002 2842 1139 2904 σαλεύ-ει
1469 2886 1474 2894 ·

283 2930 355 3005 ¹Ant.
435 2949 496 3007 117
513 2966 557 3025 sq.
575 2946 651 3020 στάς
660 2945 688 3008 δ’
699 2944 781 3029 ὑπὲρ
794 2946 970 3029 μελάθρων
986 2946 1199 3028 φονώσαισιν
1208 2944 1401 3027 ἀμφιχανὼν
1410 2944 1547 3031 κύκλφῗ)

437 3052 501 3111 594
582 3052 698 3133 ἀρχαῖα
719 3051 759 3115 τὰ
781 3052 996 3135 Λαβδακιδᾶν
1019 3054 1119 3114 οίκων
1143 3050 1280 3133 δρῶ-μαι

437 3157 499 3215 889
582 3158 670 3238 οἶμοι
690 3158 853 3238 γελῶ-μαι.
876 3157 910 3217 τί
929 3176 968 3237 με
991 3155 1073 3238 πρὸς
1095 3157 1185 3217 θεῶν
1207 3162 1393 3241 πατρῴ-ων.

284 3256 457 3335 Sequantur
478 3260 701 3339 longitudinum
717 3262 907 3321 trissmarum
923 3260 991 3332 loei,
1016 3279 1094 3338 quae
1109 3258 1300 3319 vocalibus
1323 3261 1400 3321 sola
1415 3270 1549 3322 natura

182 3359 317 3437 ‚longis
342 3374 374 3438 ᾶ,
388 3384 420 3444 ιγ,
441 3376 462 3441 l,
482 3378 515 3442 ῡ,
535 3386 561 3426 ω
583 3366 757 3424 formantur.
782 3372 812 3423 et
835 3362 970 3443 syllabas
994 3362 1115 3438 quidem
1138 3372 1245 3422 natura
1267 3364 1374 3443 longas
1396 3365 1548 3447 longiores

196 3481 262 3523 osse
290 3463 415 3545 syllabis
442 3468 593 3547 positione
620 3467 773 3549 productis
800 3468 969 3548 gravissimi
996 3468 1103 3527 harum
1125 3488 1224 3529 rerum
1248 3470 1376 3529 auctoris
1400 3472 1550 3533 evincitur

195 3568 366 3629 testimonio
381 3570 548 3631 Herodiani
565 3573 598 3632 II
614 3574 643 3646 2,
659 3592 690 3652 p.
703 3573 777 3630 709.
796 3575 837 3631 14
853 3574 887 3631 L.
911 3582 1013 3636 ταῦτα
1034 3568 1168 3657 (φοῖνιξ,
1191 3575 1341 3655 φοίνῑκος
1362 3577 1417 3640 καὶ
1438 3575 1550 3660 κῆρυξ,

197 3672 350 3757 κήρυκος)
378 3673 415 3739 έν
436 3676 496 3758 μὲν
517 3682 556 3761 τῇ
578 3675 691 3759 εύθείμ
713 3676 876 3739 συστέλλει
897 3677 935 3739 τὸ
958 3677 1122 3761 δίχρονον,
1144 3680 1289 3742 τουτέστι
1311 3680 1403 3745 θέσει
1423 3682 1551 3765 μακρὸν

197 3780 278 3844 αὐτὸ
300 3780 374 3864 ἔχει,
405 3779 446 3844 ἐν
472 3780 513 3843 δέ
534 3786 577 3864 τῇ
598 3789 730 3863 γενικῇ
757 3780 1012 3863 ἐκτεταμένον
1038 3782 1131 3845 αὐτὸ
1161 3782 1253 3863 ἔχει,
1284 3785 1430 3849 τουτέστι
1452 3786 1550 3869 φύσει

194 3887 330 3968 μακρόν,
357 3886 411 3947 καλ
434 3884 508 3948 ίδοὺ
531 3883 711 3966 εὑρίσκεται
734 3883 787 3948 ἐπὶ
808 3887 935 3949 τούτων
957 3886 976 3968 ἡ
999 3888 1273 3970 παραλήγουσα
1294 3898 1360 3971 τῆς
1381 3909 1549 3972 περιττο-

195 3990 389 4073 συλλάβου
414 3996 569 4072 γενικῆς
589 3991 737 4071 ,μείζων
762 3999 829 4073 τῆς
859 3992 1049 4073 ληγούσης
1079 4000 1144 4074 τῆς
1176 3991 1277 4069 ίδίας
1309 3992 1478 4069 εὐθείας·
1506 3996 1549 4057 τὸ

192 4094 264 4178 γὰρ
287 4095 400 4177 φύσει
422 4092 569 4176 μακρὸν
590 4096 721 4176 μεῖζόν
743 4094 823 4158 ἐστι
846 4104 914 4158 τοῦ
937 4095 1045 4158 θέσει
1067 4106 1226 4180 μακροῦ.

282 4335 302 4402 ¹)
319 4332 420 4385 θάσσει
437 4334 464 4384 h.
482 4350 505 4384 e.
524 4332 651 4401 θαάσσει,
670 4336 703 4386 of.
721 4334 817 4396 δάκος.

279 4439 299 4506 ²)
319 4438 488 4508 φονώσαισιν
506 4441 623 4503 Boeekh,
650 4438 791 4506 φονίαισιν
815 4442 890 4509 libri;
919 4441 1090 4508 φονώσαισιν
1120 4444 1185 4509 legit
1212 4445 1268 4495 sine
1290 4444 1371 4495 dubio
1398 4443 1548 4495 scholiasta

193 4528 232 4580 ita
248 4528 336 4579 locum
353 4532 556 4596 interpretatus:
574 4529 635 4587 ταῖς
652 4530 709 4581 τόν
727 4524 824 4594 φόνων
841 4524 958 4596 ἐρύσαις
979 4526 1092 4597 λόγχαις.
