3300 5059
162 224 223 283 168

156 415 328 493 polatorum
360 415 455 472 instar
487 415 670 492 glossemata
700 416 731 472 in
759 423 877 473 textum
899 414 1012 473 inferre
1034 414 1108 472 mihi
1131 413 1283 478 videntur.
1317 418 1515 493 grammatica

158 517 276 597 indiget
306 519 556 597 interpretatione
583 517 654 576 talis
679 518 768 577 dictio
791 517 852 581 τὸν
873 518 923 581 det
945 517 1066 601 πατρὸς
1089 520 1298 599 στενάχουσα,
1330 539 1390 580 non
1415 542 1516 581 emen-

158 620 289 685 datione.
321 643 361 681 au
391 643 451 682 non
474 623 619 682 facillime
642 622 680 681 ad
703 623 863 682 articulum
885 623 944 685 τὸν
967 643 1005 682 ex
1028 613 1121 683 verbo
1146 625 1345 703 στενάχουσα
1379 625 1514 686 eiusdem

158 728 260 805 stirpis
287 726 511 788 substantivum
542 736 661 807 poterat
683 726 838 807 suppleri?
865 728 904 786 cf.
929 726 1038 791 Aeseh.
1063 728 1122 806 Ag.
1148 730 1231 790 1639
1256 750 1302 809 sq.
1332 729 1392 792 τὸν
1414 729 1450 793 δὲ
1472 732 1515 813 μὴ

158 832 342 915 πειθάνορα
373 828 470 909 ζεύξω
501 833 647 916 βαρείαις
668 828 863 915 ·(ζεύγλαις),
896 832 951 895 Ar.
974 834 1052 893 Rau.
1078 837 1135 893 191
1164 834 1192 896 εἰ
1219 834 1261 916 μὴ
1294 836 1515 918 νεναυμάχηκε

158 936 218 1019 τὴν
238 937 313 1020 περὶ
334 944 402 999 τῶν
422 945 529 1021 κρεῶν
551 931 706 1020 (μάχηα),’
726 956 804 1017 quae
828 938 969 1017 exempla
1000 937 1070 996 huie
1097 937 1164 998 loeo
1191 959 1251 998 non
1279 940 1369 1000 modo
1392 941 1511 1015 similia,

158 1061 265 1100 verum
292 1061 414 1121 prorsus
442 1043 564 1119 gemina
595 1051 674 1105 sunt.
702 1041 740 1100 ad
763 1042 938 1120 genetivum
960 1040 1084 1125 πατρὸς
1106 1044 1142 1101 of.
1166 1043 1239 1103 Eur.
1262 1043 1330 1124 Iph.
1354 1043 1425 1105 Aul.
1450 1048 1512 1105 370

165 1145 318 1221 Ἑλλάδος
338 1144 462 1227 μάλιστ’
485 1144 586 1228 ἔγωγε
608 1154 665 1229 τῆς
685 1144 894 1228 ταλαιπώρου
917 1145 1029 1207 στένω.

245 1250 296 1311 Iti.
322 1252 404 1311 1082
429 1252 624 1330 ειμι-1090
647 1270 705 1329 sq.:
1026 1321 1030 1327 ι

202 1363 252 1413 str.
278 1353 393 1428 odora·
406 1361 474 1416 τῶν
496 1354 633 1437 &pauor
655 1356 719 1432 ζῶν
741 1363 848 1429 κακῶς
926 1388 954 1415 ss
968 1408 992 1415 -
1007 1408 1031 1415 -
1044 1393 1074 1413 w
1089 1388 1135 1413 u-
1153 1406 1176 1415 -
1198 1394 1214 1414 e
1233 1410 1256 1417 ..

278 1462 427 1521 εὔκλειαν
450 1459 602 1539 αἰσχῦναι
623 1459 713 1523 θέλει

192 1574 254 1623 ant.
279 1566 358 1648 ζῴης
379 1586 436 1645 μοι
457 1566 671 1648 καθύπερθεν
692 1565 761 1647 χερὶ
782 1565 837 1627 καὶ
936 1596 943 1613 ,

281 1670 410 1754 πλούτῳ
432 1676 499 1732 τῶν
521 1668 651 1753 ἐχθρῶν
673 1670 762 1732 ὅσον.

159 1772 264 1834 Herm.
275 1772 339 1857 γὰρ
353 1774 532 1853 particulam
552 1773 682 1834 addidit:
705 1783 772 1837 τῶν
793 1774 930 1857 ἀγαθῶν
949 1776 1012 1859 γάρ
1036 1777 1098 1853 ζῶν
1115 1771 1159 1857 (in
1173 1784 1235 1834 ant.
1251 1776 1370 1855 scripsit
1385 1778 1463 1860 ζῴης
1482 1800 1513 1857 μ.

159 1899 188 1939 κ.
204 1878 286 1961 χειρὶ
307 1875 385 1960 καλ),
408 1877 513 1957 Bergk
535 1877 672 1961 άχαθῶν
695 1878 747 1956 ἂν,
774 1880 809 1943 L.
833 1881 939 1960 Lange
962 1880 1099 1962 ἀγαθῶν
1120 1901 1182 1943 τοι.
1204 1888 1239 1939 ut
1261 1900 1333 1940 vero
1363 1881 1438 1940 alter
1461 1891 1513 1941 etr.

160 1990 190 2041 et
211 1992 273 2043 ant.
295 2003 400 2043 versus
422 1984 501 2043 inter
523 2004 558 2046 se
581 1985 783 2058 concinerent,
810 1985 951 2066 plerique
975 2006 1042 2046 cum
1065 1985 1243 2045 Hermanno
1266 1992 1349 2048 τεῶν
1371 2007 1426 2066 pro
1448 1994 1515 2049 τῶν

161 2084 330 2146 ediderunt.
359 2087 529 2147 Brambeoh
550 2088 584 2147 in
606 2097 658 2153 etr.
682 2089 744 2165 ζῶν
767 2090 871 2163 eiecit,
892 2090 1087 2151 Bellermann
1110 2090 1141 2150 in
1165 2098 1220 2152 str.-
1241 2090 1318 2149 nihil
1341 2099 1460 2151 mutans
1483 2092 1514 2149 in

159 2198 222 2252 ant.
232 2192 360 2276 πλούτῳ
374 2213 409 2255 τε
428 2214 483 2273 pro
500 2193 555 2255 καὶ
569 2194 698 2279 πλούτῳ
713 2195 883 2274 proposuit3
908 2192 1089 2255 Gleditschii
1105 2196 1278 2256 coniectura
1294 2195 1515 2256 violentissima

162 2293 289 2374 indigna
311 2302 365 2370 est,
390 2317 469 2377 quae
492 2307 751 2360 commemoretur.

251 2401 289 2462 Ο.
310 2401 349 2461 Β.
375 2404 458 2463 1208
482 2406 676 2481 rq.=1218
701 2424 762 2484 sq.:

203 2513 255 2566 etr.
279 2504 304 2590 qt
327 2505 426 2588 μέγας
447 2506 542 2590 λιμὴν
561 2505 567 2592 Ι
585 2508 684 2583 αὐτὸς
704 2510 841 2591 ἤρκεσεν
939 2540 966 2570 n
977 2549 1120 2572 οοοοο
1136 2542 1177 2590 μ
1190 2550 1207 2571 ο
1222 2563 1243 2571 -
1257 2550 1272 2571 c
1287 2565 1311 2572 -

192 2617 255 2671 ant.
279 2610 393 2693 μήποτ’
409 2610 558 2694 εἰδόμαν·
579 2610 585 2695 Ι
605 2612 764 2696 ὀδύρομαι
786 2612 850 2696 γὰρ
874 2611 1178 2697 (λιμμα-μα
1192 2652 1208 2675 c
1222 2654 1275 2677 ,c
1295 2669 1313 2676 -

162 2734 229 2773 cum
252 2714 386 2775 Seidlero
410 2715 570 2776 ediderunt
593 2736 697 2777 omnes
720 2717 871 2801 δάρομαι.

247 2817 285 2885 Ο.
309 2818 344 2879 0.
370 2822 454 2881 1724
476 2822 670 2902 sq.=1738
693 2842 754 2901 sq.:

159 2925 192 2984 in
224 2924 271 2985 his
292 2924 430 2986 versibus
459 2924 639 2988 coniecturis
667 2925 837 2988 defoedatis
861 2926 898 2986 ab
921 2937 982 2987 ant.
1007 2929 1218 2989 constituenda
1241 2932 1361 2991 initium
1384 2951 1509 2991 sumam.

160 3028 299 3090 Ismenae
321 3038 352 3091 et
373 3028 549 3109 Antigonae
571 3032 805 3092 lamentantibus
828 3032 991 3113 respondet
1014 3032 1129 3094 chorus.

197 3136 270 3196 AN.
295 3133 373 3197 ἀλλὰ
394 3144 453 3198 not
474 3137 580 3218 φύγω,

200 3240 271 3301 ΧΟ.
295 3240 350 3302 καλ
371 3240 475 3323 πάρος
497 3239 720 3323 άτιεφεύχετου
843 3272 849 3289 .
966 3272 972 3289 ·

240 3376 243 3379 ·
294 3352 387 3428 σφῷν
408 3343 446 3406 τὸ
467 3343 510 3426 μὴ
533 3346 658 3407 πίτνειν
680 3350 796 3419 καλῶς.
834 3375 890 3406 nc
911 3397 931 3405 -
951 3385 967 3405 c
984 3378 1009 3407 n
1027 3386 1042 3406 ο
1067 3400 1089 3409 -

160 3449 265 3522 ,Aueh
288 3448 381 3512 sehon
402 3448 506 3507 frither
527 3448 633 3509 landet
655 3448 702 3508 ihr
716 3449 864 3525 Zuflucht,
887 3450 954 3510 dees
978 3470 1010 3510 es
1034 3451 1109 3511 euch
1132 3453 1219 3513 niolrt
1235 3453 1371 3513 schleoht
1387 3454 1512 3519 ausfiel.’

162 3561 193 3612 et
220 3550 260 3612 ad
285 3560 348 3613 ent.
373 3552 555 3631 exemplum,
589 3573 648 3632 quo
671 3553 747 3613 nihil
771 3554 959 3635 Sophocleae
981 3558 1150 3617 sententiae
1174 3560 1272 3637 aptius
1295 3559 1346 3617 vel
1368 3558 1441 3638 fingi
1463 3561 1514 3619 vel

162 3658 261 3737 optari
283 3663 392 3736 potest,
416 3656 447 3715 in
470 3666 522 3716 etr.
546 3659 648 3721 omnia
670 3658 766 3718 verba
788 3659 888 3719 tribuo
907 3660 1095 3739 Antigonae:

213 3764 273 3823 ΙΣ.
298 3759 342 3835 ὡς
363 3760 397 3823 τί
417 3757 563 3844 ῥέξομεν;
923 3820 926 3824 ,

200 3866 273 3927 ΑΝ.
297 3864 407 3948 ἵμερος
429 3864 493 3948 ἔχει
514 3866 555 3948 μέ
576 3887 624 3942 τις
645 3866 706 3930 τάν
733 3922 756 3931 -
776 3883 820 3929 e„
833 3922 859 3930 -
870 3908 887 3930 υ
902 3904 948 3931 nr„
964 3923 990 3931 -
1008 3912 1024 3931 Λ

296 3970 434 4052 χθόνιον
456 3969 566 4034 ἑστίαν
588 3972 679 4035 ἰδεῖν.
768 3958 821 4034 ⁴:uc
834 4026 859 4034 -
871 4012 888 4034 υ
898 4005 923 4033 n
936 4014 951 4034 c
964 3956 990 4035 '-

162 4074 258 4149 ,llich
282 4072 365 4135 zieht
387 4076 435 4135 ein
459 4079 602 4154 gewisses
620 4076 794 4157 Verlangen
827 4074 895 4163 (pro
922 4081 1102 4160 pronomine
1130 4082 1350 4161 interrogativo
1373 4084 1422 4158 τίς
1444 4083 1511 4143 sub-

43 4210 58 4220 »
164 4182 257 4240 stituo
280 4180 469 4240 indefinitum
492 4181 567 4261 τις),
590 4202 628 4241 zu
651 4181 765 4242 schaun
790 4181 844 4244 das
869 4183 1089 4245 unterirdisohe
1104 4184 1209 4247 Heus)
1226 4186 1287 4245 iem
1303 4187 1368 4267 ipse
1388 4187 1511 4263 iudices,

161 4304 234 4343 num
265 4284 322 4344 tibi
349 4284 425 4345 haee
439 4287 525 4375 ratio
548 4287 645 4365 magis
672 4286 898 4347 commendetur
921 4309 1012 4369 quam
1035 4288 1111 4349 haee
1134 4290 1304 4366 criticorum
1328 4300 1512 4352 commenta:

160 4388 264 4469 Bergk
283 4391 322 4457 ‚in
351 4398 402 4449 etr.
427 4390 537 4474 ἵμερος
559 4390 623 4473 ἔχει
643 4390 684 4474 μέ
705 4412 753 4465 τις
776 4393 836 4453 ΙΣ.
862 4393 1001 4475 φράσον,
1034 4394 1065 4452 in
1089 4403 1150 4454 ant.
1175 4394 1230 4456 καὶ
1252 4415 1285 4457 π.
1310 4393 1514 4478 άτιεφύχετου

161 4490 199 4554 τὸ
221 4493 266 4566 τί;
289 4491 436 4579 τάσφῷν
450 4493 488 4557 τὸ
503 4518 535 4577 μ.
552 4512 585 4557 π.
602 4516 631 4556 κ.
647 4494 740 4555 Βίοδ.
758 4516 826 4555 eum
842 4496 1019 4557 Hermanno
1042 4498 1074 4556 in
1098 4500 1158 4558 an't.
1182 4498 1326 4579 dispescit
1348 4502 1512 4560 orationem
