3300 5059
327 232 458 292 320

530 420 614 479 Hi
661 428 800 480 sunt
861 416 1064 497 igitur,
1130 418 1360 478 utiam
1426 417 1504 479 ad
1570 418 1749 478 finem
1823 417 2270 498 perveniamus,
2336 436 2413 475 ex
2482 416 2736 496 singulis
2800 415 3026 477 fabulis

329 545 611 586 versuum
655 542 915 584 numeri:
3242 542 3243 590 ῃ

950 622 1257 690 Ephesione
1319 655 1961 677 ..........
2160 625 2192 672 2
2334 648 2396 659 -·

945 710 1197 777 Epiclero
1243 737 1954 765 ...........
2156 713 2189 760 2
2329 729 2425 747 -·

945 798 1951 871 ΓαΙΙαοὶα.........,.
2119 824 2183 835 -
2360 799 2392 846 2

950 884 1220 950 Hymnide
1248 916 1958 939 ...........
2163 887 2191 935 1
2338 886 2405 935 10
2441 883 2529 951 (ex
2567 884 2786 952 Asoto?)

946 974 1131 1026 Plocio
1179 1006 1958 1026 ............
2160 974 2191 1021 3
2332 1000 2403 1011 -

947 1060 1301 1128 Synaristosis
1381 1085 1955 1113 .........
2123 1086 2189 1097 -
2367 1063 2400 1110 5

945 1149 1282 1215 Synephebis
1320 1183 1960 1201 ..........
2132 1150 2197 1199 16
2371 1151 2402 1199 2

947 1253 1014 1287 ex
1050 1236 1197 1289 fabb.
1234 1239 1341 1288 ine.
1387 1266 1961 1290 .........
2161 1238 2195 1285 4
2336 1262 2403 1273 -

2125 1342 2192 1391 28
2339 1342 2402 1392 19
2436 1351 2441 1357 ·

2103 1409 2404 1443 ψ

2213 1448 2281 1497 47

542 1534 1107 1595 Commemorantur
1153 1543 1355 1594 autem
1413 1532 1664 1595 Caecilii
1727 1554 1945 1595 nomen
2010 1535 2112 1594 vel
2181 1535 2309 1595 eius
2372 1532 2616 1594 fabulae
2681 1534 2829 1595 locis
2875 1534 3023 1598 XX.

328 1662 692 1723 quamquam
739 1641 925 1719 igitur
969 1660 1093 1700 non
1136 1648 1340 1720 potest
1384 1641 1595 1718 negari
1642 1636 1993 1700 Ciceronem
2042 1641 2244 1719 magni
2292 1640 2640 1701 aestimasse
2686 1637 3025 1700 Caecilium

327 1756 387 1807 et
430 1745 591 1806 haud
636 1766 887 1827 parvam
936 1766 1012 1806 ex
1059 1747 1187 1805 eius
1235 1745 1558 1805 comoediis
1603 1745 1948 1827 percepisse
1993 1747 2388 1826 voluptatem,
2454 1755 2657 1807 tamen
2705 1745 3024 1825 adparebit

327 1873 463 1912 eum
507 1853 696 1911 multo
751 1850 842 1910 illi
890 1851 1305 1930 anteposuisse
1350 1850 1709 1909 Terentium
1771 1849 1847 1909 ob
1892 1871 2131 1931 purum,
2201 1852 2305 1930 qui
2380 1850 2524 1911 huic
2585 1851 2866 1930 proprius
2912 1860 3023 1932 est7

327 1977 680 2017 sermonem.
747 1958 951 2035 itaque
1015 1955 1079 2015 hi
1145 1964 1367 2035 poetae
1424 1956 1637 2016 comici
1684 1955 1893 2016 eadem
1941 1955 2231 2015 videntur
2275 1976 2311 2013 a
2357 1955 2563 2015 Tullio
2609 1956 2846 2014 tractati
2895 1975 3027 2016 esse

331 2063 585 2137 ratione,
634 2081 755 2141 qua
801 2060 1104 2121 Pacuvius
1151 2068 1212 2120 et
1255 2061 1491 2120 Ennius
1537 2061 1635 2120 vel
1686 2061 1869 2121 etiam
1915 2059 2161 2120 Accius.

534 2165 837 2247 Sequitur,
888 2174 951 2225 ut
996 2186 1170 2244 agam
1242 2164 1317 2224 de
1364 2163 1614 2225 Caecilii
1663 2166 1860 2246 poetis
1924 2166 2164 2225 comicis
2230 2163 2613 2247 aequalibus,
2659 2164 2901 2225 Trabea
2967 2174 3029 2225 et
3249 2123 3252 2301 ἱ

330 2271 538 2335 Atilio.
617 2280 801 2351 atque
864 2290 941 2331 ex
1004 2270 1292 2329 Trabea
1337 2269 1534 2343 (Ribb.
1584 2269 1752 2331 Com.
1800 2271 1972 2333 Rom.
2020 2272 2092 2332 fr.
2138 2291 2200 2351 p.
2253 2273 2329 2329 31
2367 2269 2506 2350 sq.),
2579 2291 2945 2351 quamquam
2992 2291 3028 2329 a

326 2378 598 2437 Varrone
661 2375 822 2456 apud
872 2373 1211 2434 Charisium
1260 2373 1335 2437 G.
1383 2375 1453 2436 L.
1502 2376 1534 2433 Ι
1582 2378 1730 2449 241,
1783 2378 1862 2436 27
1909 2376 1991 2441 K.
2056 2375 2218 2436 idem
2283 2374 2359 2435 de
2406 2396 2477 2435 eo
2523 2375 2911 2455 praedicatur
2956 2397 3028 2436 ac

328 2481 402 2541 de
436 2479 720 2562 Caecili0‚
754 2479 912 2560 quod
944 2480 1127 2561 πάθη
1158 2478 1339 2539 facile
1381 2480 1658 2554 moverit,
1689 2500 1796 2540 sex
1836 2489 2068 2540 tantum
2098 2500 2305 2541 versus
2337 2480 2495 2560 apud
2530 2478 2879 2541 Ciceronem
2928 2502 3030 2541 ex-

325 2596 476 2647 tant.
511 2586 693 2650 Tusc.
735 2585 871 2645 1111
917 2587 1022 2669 31,
1072 2587 1151 2644 67
1201 2584 1358 2644 enim
1405 2583 1629 2664 gaudio
1676 2586 1767 2645 illi
1814 2586 2094 2647 Hectoris
2138 2586 2442 2647 Naeviani
2488 2587 2728 2647 Tullius
2774 2588 3032 2666 opponit

327 2690 730 2751 adulescentis
777 2690 1029 2750 amantis
1078 2698 1318 2770 turpem
1362 2691 1685 2751 laetitiam:
1743 2693 1942 2752 ‘aliter
2000 2686 2279 2773 (gaudet)
2328 2691 2433 2752 ille
2480 2690 2644 2772 apud
2691 2688 3029 2751 Trabeam:

709 2826 837 2879 lena
875 2825 1114 2879 delenita
1150 2833 1374 2894 argento
1412 2826 1599 2880 mitum
1638 2827 1948 2881 obseruabi't
1985 2846 2182 2894 meum,

711 2914 842 2982 quid
877 2916 1058 2979 uelim,
1096 2916 1226 2981 quid
1263 2912 1534 2968 studeam:
1573 2918 1869 2968 adueniens
1907 2913 2075 2983 digito
2113 2918 2370 2984 inpellarn
2409 2914 2642 2978 ianuam,

711 3001 855 3053 fores
890 3003 1169 3068 patebunt,
1216 3002 1284 3053 de
1320 2999 1599 3069 inprouiso
1640 3003 1857 3070 Chrysis
1895 3005 1989 3055 ubi
2026 3021 2110 3055 me
2148 3002 2431 3071 aspexerit,

709 3086 898 3140 alacris
936 3086 1152 3141 obuiam
1189 3089 1321 3139 mihi
1358 3091 1542 3142 ueniet
1576 3090 1912 3157 complexum
1951 3089 2210 3158 exoptans
2251 3107 2444 3151 meum,

711 3174 841 3227 mihi
878 3192 937 3228 se
977 3177 1164 3231 dedet:

330 3322 509 3382 quam
554 3301 705 3360 haec
749 3300 1001 3381 pulchra
1045 3309 1236 3381 putet,
1286 3302 1417 3383 ipse
1465 3303 1586 3362 iam
1632 3302 1809 3363 dicit:

1527 3440 1796 3492 fortunam
1833 3443 2002 3510 ipsam
2043 3440 2259 3493 anteibo
2297 3438 2524 3521 fortunis
2562 3437 2712 3491 meis’
2750 3439 2835 3507 (fr.
2877 3438 2961 3507 1).

333 3572 457 3623 tum
528 3563 604 3624 de
666 3564 767 3626 fin.
814 3565 881 3623 It
926 3567 987 3637 4,
1042 3567 1141 3641 13,
1215 3565 1322 3625 ubi
1370 3563 1583 3626 Cicero
1647 3566 2084 3646 Epicureorum
2147 3566 2396 3649 ἡδονήν
2455 3565 2606 3625 nihil
2669 3563 2834 3623 aliud
2899 3584 3035 3624 esse

334 3688 515 3749 quam
585 3668 744 3747 quod
792 3670 1010 3729 Latine
1074 3669 1309 3730 dicatur
1374 3671 1693 3750 ‘voluptas'
1761 3674 2028 3752 exponit,
2095 3670 2172 3731 ad
2234 3681 2552 3751 poetarum
2611 3668 2791 3729 huius
2852 3670 3032 3729 verbi

329 3793 502 3833 usum
576 3774 809 3852 relegat
882 3774 1181 3853 legentes:
1250 3780 1407 3834 ‘nam
1478 3785 1538 3836 et
1611 3776 1717 3836 ille
1783 3777 1945 3856 apud
2004 3776 2311 3836 Trabeam
2377 3774 2771 3854 ‘voluptatem
2838 3775 3030 3833 animi

327 3878 591 3937 nimiam'
637 3877 931 3937 laetitiam
963 3876 1127 3950 dicit,
1177 3877 1429 3939 eandem
1464 3899 1647 3958 quam
1677 3880 1785 3940 ille
1817 3880 2221 3952 Caecilianus,
2268 3880 2374 3959 qui
2422 3878 2719 3939 ‘omnibus
2763 3877 3020 3938 laetitiis

326 3981 569 4041 laetum’
621 4002 748 4042 esse
795 3981 894 4064 (fr.
948 3980 1055 4065 10)
1102 4002 1169 4042 se
1214 3984 1458 4045 narrat’.
1518 3985 1731 4045 eodem
1777 3986 2025 4065 respicit
2070 3983 2284 4045 Cicero
2339 3983 2416 4043 ad
2460 3986 2607 4045 fam.
2653 3982 2722 4043 ΙΙ
2768 3985 2828 4058 9,
2877 3984 2916 4042 2
2965 3991 3032 4043 et

327 4086 511 4149 Tusc.
559 4087 691 4147 IIII
742 4089 841 4162 15,
909 4089 1013 4162 35,
1063 4108 1181 4168 quo
1245 4089 1379 4149 loco
1447 4091 1780 4151 versiculus
1844 4091 1953 4152 ille
2015 4089 2298 4150 Trabeae
2365 4090 2779 4150 continuatur:
2844 4092 3031 4167 ‘quae

330 4188 594 4276 (libido),
644 4193 692 4251 si
742 4192 985 4273 quando
1032 4192 1257 4273 adepta
1303 4194 1434 4269 erit,
1484 4195 1646 4274 quod
1695 4196 1751 4255 ei
1796 4196 1980 4256 fuerit
2025 4197 2431 4277 concupitum,
2495 4204 2623 4255 tum
2668 4195 2857 4254 fertur
2904 4194 3030 4253 ala-

332 4298 565 4369 critate,
617 4305 704 4357 ‘ut
747 4298 903 4357 nihil
952 4298 1010 4358 ei
1043 4302 1291 4359 constet'
1323 4297 1482 4378 quod
1516 4309 1677 4381 agat,
1723 4309 1792 4361 ut
1822 4300 1945 4375 ille,
1994 4302 2100 4381 qui
2133 4300 2528 4382 ‘voluptatem
2561 4300 2745 4359 animi
2777 4300 3030 4359 nimiam

327 4420 624 4462 summum
655 4423 786 4463 esse
819 4402 1097 4463 errorem’
1130 4401 1495 4463 arbitratur!
1529 4405 1690 4465 unde
1723 4405 2038 4465 Bentleius
2068 4414 2257 4467 totum
2287 4425 2528 4465 versum
2569 4405 2656 4464 sic
2685 4405 3025 4465 constituit:

575 4519 674 4587 ego
712 4521 1049 4587 uoluptatem
1087 4519 1249 4572 animi
1285 4524 1505 4575 nimiam
1545 4522 1810 4576 summum
1851 4541 1969 4577 esse
2009 4542 2242 4577 errorem
2280 4524 2511 4578 Arbitror
2545 4524 2636 4594 (fr.
2674 4524 2748 4593 2).
