3300 5059
1415 198 1477 259 275

128 386 206 446 illud
232 387 387 467 proprium
418 406 454 446 ae
476 407 572 446 suum.
597 386 750 466 ‘quidnam
859 384 1016 447 abndtasl’
1041 386 1147 447 melius
1171 396 1250 464 esset
1272 394 1375 468 ‘vetas,
1409 412 1478 471 pro-

129 490 225 566 hibes,
249 491 414 566 absterres',
454 493 595 571 quoniam
619 491 673 550 ille
689 491 818 552 dixerat:
857 492 964 552 ι11155.
982 490 1103 553 .bbsit.’
1141 501 1173 551 at
1188 492 1351 573 Thyestes,
1390 494 1479 556 brevi

130 605 298 669 recreatus,
322 616 439 657 summa
452 596 555 657 Atreo
578 596 741 656 luculentis
771 595 872 657 verbis
903 606 1043 677 precatur
1061 596 1166 675 mala,
1199 618 1278 678 quae
1311 602 1479 661 exsecratio

130 700 333 784 altiorssono
356 710 387 762 et
408 701 548 761 ubertate
571 700 702 781 quadam
723 702 847 781 profusa
876 702 986 762 oratori
1020 711 1100 762 certe
1133 703 1266 765 maxime
1311 702 1479 764 adridebat.

128 808 231 886 itaque
255 807 347 868 Tusc.
370 808 459 881 144,
487 809 559 880 107,
585 806 661 866 5555
684 806 795 866 adtulit
816 805 963 887 Thyestis
979 806 1088 867 verba:

378 942 444 1010 ‘ipse
468 946 578 994 summis
596 942 668 995 sdxis
685 944 754 995 fixus
772 942 885 1011 asperis,
903 942 1078 1009 euisceratue,

372 1028 456 1082 litare
474 1032 604 1096 pendens,
622 1028 689 1082 sdxa
706 1047 836 1098 spargens
855 1028 927 1096 tabo,
946 1034 1021 1083 sanie
1040 1038 1068 1083 et
1085 1029 1217 1098 singulus
1236 1037 1303 1096 atro,

374 1115 462 1182 neque
480 1110 660 1185 sepulchrum,
680 1117 733 1185 quo
751 1119 871 1185 recipiat,
890 1116 990 1171 habeat
1006 1126 1113 1187 portum
1132 1118 1258 1186 corporis,

374 1202 421 1255 ribi
440 1207 551 1256 remissa
568 1204 687 1257 humana
705 1208 763 1257 uita
781 1205 877 1273 corpus
896 1204 1047 1273 requiescat
1065 1206 1151 1257 malis'
1170 1206 1212 1273 (fr.
1232 1206 1285 1273 11).

133 1347 315 1407 quamquam
343 1347 390 1403 eo,
419 1332 457 1387 de
481 1350 540 1410 quo
565 1328 638 1405 dixi,
662 1330 728 1391 loco
744 1339 785 1412 ut
806 1330 1005 1410 philosophus
1028 1330 1195 1410 Thyestem
1229 1332 1366 1410 castigat,
1403 1330 1483 1411 quod

132 1435 223 1492 etiam
247 1443 395 1494 mortuum
419 1454 523 1495 omnes
546 1436 694 1495 cruciatus
724 1437 844 1517 perpeti
870 1435 959 1521 'velit
999 1436 1079 1517 quod
1103 1436 1226 1516 quidem
1261 1438 1301 1496 sit
1337 1456 1483 1517 perquam

131 1538 223 1598 inane
246 1547 276 1598 et
298 1560 421 1599 vanum.
445 1548 537 1619 atque
559 1539 640 1599 hune
663 1539 761 1599 locum
786 1542 920 1600 omnium
943 1541 1075 1599 maxime
1095 1542 1270 1615 innotuisse,
1296 1542 1485 1602 exoratione

131 1644 164 1701 in
188 1644 249 1702 Pis.
276 1648 328 1719 19,
360 1646 401 1704 43
426 1645 534 1719 515551,
568 1643 619 1705 551
643 1642 749 1706 Cicero
781 1644 820 1704 ad
844 1645 990 1725 Thyestis
1014 1665 1120 1725 preces
1152 1645 1222 1705 illas
1245 1644 1382 1720 adludit,
1405 1665 1484 1726 quae

134 1749 225 1807 etiarn
259 1749 443 1829 temporibus
485 1749 714 1830 insequentibus
745 1734 899 1830 tamquam
932 1750 1047 1829 effigies
1087 1752 1327 1811 exsecrationum
1363 1749 1487 1810 habitae

133 1873 199 1913 esse
221 1854 377 1929 videntur;
407 1854 444 1917 51.
465 1854 540 1913 Hor.
562 1853 662 1942 Epod.
687 1857 715 1928 5,
742 1856 798 1930 86,
822 1852 962 1929 (1.116,
990 1835 1039 1919 17.
1064 1856 1192 1936 Thyesti
1214 1875 1333 1936 quoque
1364 1854 1486 1916 attribui

132 1967 259 2039 possunt
273 1979 378 2019 versus
394 1960 452 2019 155.
476 1962 500 2023 1.
524 1962 575 2035 30,
599 1959 707 2039 quibus
731 1959 768 2019 de
784 1960 947 2020 infortunio
964 1981 1018 2020 555
1033 1959 1087 2020 1115
1102 1962 1295 2040 conqueritur
1312 1956 1416 2043 (Tusa.
1434 1959 1485 2018 III

135 2066 186 2137 19,
211 2061 277 2146 44),
300 2072 331 2125 51
354 2066 412 2123 155.
437 2066 495 2124 155.
514 2066 540 2124 ·f.
566 2066 616 2139 57,
644 2063 881 2151 5511555555
910 2085 931 2147 a
951 2064 1052 2147 choro,
1077 2066 1144 2145 quis
1173 2074 1253 2125 esset
1282 2065 1485 2144 interrogatus

136 2168 185 2247 (fr.
207 2173 237 2243 4,
261 2170 299 2227 51.
317 2167 369 2231 Or.
388 2170 439 2245 55,
465 2166 551 2253 184),Ι
575 2168 751 2250 respondet:
775 2168 918 2230 ι’11151515
933 2178 1099 2251 prognatus
1116 2217 1149 2233 ..
1174 2170 1297 2250 ndptiis’
1314 2165 1419 2255 (Tuae.
1437 2169 1489 2229 ΙΠ

136 2274 188 2346 12,
212 2268 278 2358 26).
301 2282 461 2357 praeterea
483 2274 619 2333 Ennium
641 2272 782 2333 laudibus
806 2274 893 2335 effert
909 2274 1017 2335 Cicero
1041 2283 1166 2355 propter
1188 2275 1368 2335 sententiam
1392 2295 1486 2354 quan·

135 2377 204 2437 dam
229 2378 396 2459 sapientiae
419 2379 552 2460 plenam,
577 2399 656 2459 quae
681 2380 805 2439 fortasse
828 2378 939 2465 55515
958 2378 1177 2439 ,1555155555
1200 2379 1410 2459 opponebatur
1433 2376 1487 2462 (51.

133 2481 224 2541 Ribb.
249 2484 353 2547 Roem.
378 2484 471 2563 Trag.
496 2505 527 2564 p.
553 2480 639 2567 202).
669 2504 800 2564 namque
824 2484 862 2544 de
886 2484 1043 2557 511117,
1068 2486 1109 2544 23
1138 2484 1216 2543 5555
1243 2464 1348 2544 statuit
1374 2483 1487 2563 legem:

136 2588 281 2647 ‘omnium
303 2596 404 2671 autem
419 2608 518 2648 rerum
541 2609 599 2649 nec
612 2591 712 2669 aptius
729 2598 774 2649 est
791 2590 952 2669 quiequam
976 2587 1015 2647 ad
1039 2608 1113 2669 opes
1129 2588 1257 2649 tuendas
1280 2608 1316 2647 ac
1337 2588 1487 2648 tenendas

135 2712 226 2771 quam
250 2692 345 2771 diligi,
365 2712 435 2753 nec
466 2694 596 2753 alienius
631 2714 722 2773 quam
754 2694 875 2754 timeri’
907 2703 970 2755 tum
1004 2695 1049 2753 ita
1070 2696 1182 2774 pergit:
1211 2692 1377 2774 ‘praeclare
1407 2695 1488 2755 enim

134 2796 330 2948 Emllusquim
349 2888 472 2934 metuunt
490 2856 613 2951 oderunt,
631 2900 711 2950 quem
730 2886 844 2951 quisque
860 2850 927 2949 6511,
946 2885 1060 2951 periisse
1079 2882 1188 2952 expetit’
1207 2885 1270 2950 (inc.
1290 2884 1309 2935 f.
1329 2886 1381 2949 36).

137 2987 270 3070 denique
293 2989 420 3051 eandem
443 2990 584 3051 habuisse
606 2990 728 3051 videtur
749 2990 856 3052 Cicero
884 2978 915 3051 in
943 3000 1043 3052 mente
1066 2990 1199 3051 fabulam
1231 2989 1269 3050 de
1292 2990 1341 3053 off.
1364 2990 1415 3049 III
1439 2991 1489 3064 29,

140 3096 211 3167 104,
236 3094 288 3154 551
310 3095 411 3156 115515
434 3116 560 3174 magnas
582 3096 688 3157 tribuit
710 3095 817 3157 laudes
845 3088 968 3176 propter
990 3098 1155 3178 aptissima,
1185 3115 1263 3176 quas
1287 3092 1486 3171 illodederit,

136 3197 225 3259 Fidei
249 3199 383 3281 epitheta
406 3197 478 3284 (155.
505 3202 526 3262 1.
551 3200 619 3281 37),
652 3202 691 3262 51.
720 3202 810 3261 etiam
837 3199 875 3260 de
907 3201 956 3279 off.
984 3201 1000 3259 Ι
1024 3204 1053 3275 8,
1078 3202 1134 3275 26;
1158 3199 1196 3261 de
1230 3219 1263 3261 re
1289 3188 1375 3280 publ.
1398 3199 1415 3258 Ι
1439 3198 1490 3271 32,

136 3304 178 3363 49
203 3300 274 3387 (155.
298 3305 318 3368 f.
343 3305 407 3385 38).

241 3410 335 3470 Porro
357 3410 559 3491 Telephum
595 3410 728 3471 fabulam
757 3379 858 3491 (Ribb.
884 3411 977 3491 Trag.
1001 3411 1088 3471 Rom.
1118 3412 1154 3473 fr.
1178 3432 1209 3491 p.
1236 3412 1276 3470 56
1301 3430 1357 3494 sq,
1386 3410 1490 3468 Roem.

18 3547 22 3584 ;
136 3513 229 3591 Trag.
252 3536 282 3595 p.
309 3518 371 3577 104
393 3512 475 3597 sqq.)
499 3515 605 3576 Cicero
627 3516 705 3576 vidit
727 3516 758 3575 in
781 3536 891 3576 scaena
907 3524 1014 3589 actam,
1038 3516 1063 3573 si
1087 3513 1210 3594 quidem
1232 3515 1291 3573 155.
1316 3514 1376 3573 155.
1400 3514 1421 3572 1.
1449 3515 1487 3572 17

137 3638 207 3677 curn
229 3618 395 3680 Ribbeckio
420 3621 469 3697 (R.
492 3620 546 3680 Tr.
569 3642 599 3701 p.
629 3618 704 3705 108)
728 3621 788 3679 555
813 3620 885 3681 11551
910 3620 1026 3680 referri.
1051 3618 1184 3698 loquitur
1206 3619 1286 3678 enim
1313 3616 1351 3678 de
1375 3638 1417 3679 or.
1441 3617 1492 3676 III

137 3725 190 3796 26,
217 3726 278 3784 102
302 3725 423 3785 Tullius
453 3760 490 3769 -
514 3746 585 3785 nam
620 3725 701 3805 quod
732 3725 808 3785 haec
841 3723 937 3785 verba
960 3724 1067 3785 Crasso
1099 3723 1281 3803 tribuuntur,
1309 3722 1422 3783 nullius
1449 3729 1494 3779 est

137 3830 281 3889 momenti
302 3864 347 3875 —
369 3829 406 3889 de
433 3830 610 3890 elocutionis
632 3830 788 3889 varietate.
818 3830 903 3889 euius
927 3828 1067 3909 exempla
1088 3827 1228 3888 adferens
1252 3848 1319 3889 oum
1343 3828 1404 3886 alia
1427 3834 1491 3885 tum

138 3932 216 3992 haee
238 3943 397 3995 memorat:
421 3931 682 4014 ‘numquam'agit
708 3933 788 3993 hunc
819 3952 940 3993 versum
963 3934 1090 3993 Roscius
1114 3953 1148 3993 eo
1172 3941 1270 4014 gestu,
1303 3951 1362 4011 quo
1393 3938 1494 4012 potest

324 4052 385 4105 uam
406 4056 515 4121 sapiens
533 4052 626 4106 uirtdti
644 4054 784 4117 honorum,
801 4052 961 4121 pradmium,
979 4052 1053 4105 haud
1071 4050 1198 4120 praedrlm
1216 4054 1294 4120 petit,

140 4161 195 4223 sed
219 4161 310 4221 abicit
332 4182 464 4243 prorsus,
488 4170 522 4222 ut
544 4163 576 4221 in
598 4162 751 4242 proximo:

408 4280 455 4335 sed
473 4268 662 4350 qnid'nideo‘?
679 4282 752 4334 ferro
770 4264 881 4350 saeptus
899 4280 1020 4349 pdssidet
1038 4278 1109 4333 sedis
1128 4292 1218 4333 sacras

139 4387 264 4469 incidat,
282 4390 418 4472 aspiciat,
436 4388 610 4471 admiretur,
626 4387 802 4471 stupescat?
816 4408 895 4471 quae
910 4388 1005 4450 verba
1020 4388 1058 4449 ab
1074 4388 1127 4448 illo
1141 4389 1259 4469 prolata
1276 4408 1342 4448 esse
1356 4356 1495 4448 Ribbeck

14 4509 28 4544 ·:.
142 4501 255 4571 censet,
279 4497 340 4577 qui,
365 4515 433 4556 cum
455 4494 603 4557 meditans
623 4496 655 4555 15
678 4515 817 4557 scaenam
839 4495 1011 4576 prodiisset,
1034 4492 1134 4555 subito
1152 4492 1494 4574 Telephumconrpicit‚

1341 4593 1394 4648 18*
