3300 5059
1411 165 1471 221 ‘251

121 372 240 411 omnem
251 351 414 412 doctrinam
426 352 551 430 eiusque
562 358 707 425 auctores,
723 349 866 425 Graecos,
884 351 1133 431 aspernabantur,
1151 372 1218 412 cum
1229 355 1374 413 maiorum
1387 354 1472 414 disci·

120 459 234 538 plinam
259 466 290 517 et
311 459 424 538 priscos
447 456 518 517 illos
541 476 639 516 mores
667 476 704 516 ea
726 457 818 537 plane
847 458 995 537 corrumpi
1018 466 1160 538 putarent
1184 455 1235 542 (ci.
1261 456 1342 521 Gell.
1366 460 1407 521 N.
1432 462 1471 519 Α.

120 562 182 623 XV
207 559 272 645 11).
306 562 429 637 accedit,
465 561 548 643 quod
569 562 632 623 illis
659 548 868 642 temporibus,
891 562 1001 642 quibus
1023 564 1154 623 Romani
1180 563 1380 643 plurimarum
1408 565 1469 623 iam

124 675 270 727 terrarum
293 666 472 728 obtinebant
500 668 636 747 imperia,
666 666 776 727 Graeci
800 676 885 727 tanta
909 676 995 727 erant
1022 688 1138 735 morum
1159 670 1321 749 pravitate,
1351 679 1385 729 ut
1406 670 1472 731 iure

123 772 355 852 despicerentur,
380 792 448 832 cum
479 792 519 833 ex
541 773 674 860 magnis⁴
692 772 754 832 illis
784 774 933 853 pristinae
964 774 1071 833 aetatis
1105 772 1230 834 Graecis
1261 776 1334 835 facti
1369 785 1470 836 essent

123 877 266 938 Graeculi
289 878 433 958 loquaces
456 886 547 958 atque
571 878 679 958 inepti.
703 879 794 939 facile
816 880 911 958 igitur
932 879 998 938 fieri
1020 880 1131 959 potuit,
1154 888 1198 955 ut,
1222 882 1247 941 si
1271 882 1338 961 quis
1361 882 1470 941 litteris

16 1013 18 1018 >
121 980 245 1043 Graecis
275 984 418 1042 maiorem
449 991 512 1043 tum
545 981 678 1042 dedisset
712 1003 845 1063 operam,
879 983 1041 1043 multorum
1070 994 1206 1045 moveret
1236 987 1418 1048 simultatem
1443 997 1473 1047 et

124 1088 236 1147 odium.
261 1097 353 1168 atque
376 1087 554 1149 Ciceronem
576 1090 675 1168 ipsum
698 1090 736 1148 ob
758 1109 814 1148 sua
837 1089 1003 1149 litterarum
1022 1076 1205 1150 Graecarum
1229 1091 1328 1152 studia
1350 1093 1470 1152 irrisum

124 1209 190 1252 esse
214 1192 395 1253 Plutarchus
420 1191 497 1274 (Cic.
523 1187 556 1276 5)
580 1200 716 1257 testatur.
728 1190 752 1278 ¹)
780 1195 886 1275 itaque
911 1214 977 1255 cum
1001 1193 1107 1255 Cicero
1130 1195 1275 1255 invidiam
1298 1197 1470 1276 aequalium

123 1307 153 1358 et
176 1298 348 1359 irrisionem
370 1299 469 1358 vitare
485 1294 621 1382 vellent),
645 1320 705 1358 non
731 1308 776 1359 est
792 1298 971 1374 mirandum,
996 1301 1021 1359 si
1036 1301 1180 1361 Romanis
1203 1301 1323 1380 saepius
1345 1292 1473 1361 maiores

121 1402 229 1463 tribuit
250 1402 356 1462 laudes
389 1422 480 1482 quam
504 1402 638 1462 Graecis.
673 1404 748 1483 quin
781 1404 873 1463 etiam
900 1394 949 1464 bic
971 1405 1035 1464 illic
1067 1405 1147 1465 clare
1180 1405 1237 1465 sibi
1269 1406 1472 1486 profitendum

124 1528 189 1567 esse
211 1516 300 1588 putat
322 1529 355 1569 se
376 1528 499 1588 prorsus
522 1529 582 1569 non
606 1527 673 1572 esse
689 1508 875 1570 Graecorum
890 1510 1055 1571 studiosum
1080 1508 1132 1594 (ci.
1158 1510 1268 1571 defin.
1292 1513 1310 1571 I
1333 1514 1361 1585 2,
1379 1514 1399 1570 4
1416 1532 1471 1591 sq,

122 1613 160 1673 de
184 1622 244 1693 opt.
268 1635 338 1693 gen.
361 1634 404 1673 or.
429 1615 459 1689 6,
486 1611 549 1698 18).
583 1623 673 1696 atque
704 1615 776 1674 inde
804 1615 1020 1695 explicandum
1051 1624 1106 1689 est,
1141 1616 1220 1695 quod
1252 1614 1358 1675 Cicero
1381 1616 1471 1676 inter·

123 1718 194 1777 dum
217 1727 251 1777 ut
284 1720 373 1780 homo
405 1728 524 1798 togatus
557 1719 682 1781 Graecis
715 1722 832 1801 eripere
861 1720 962 1782 studet
995 1740 1084 1801 quam
1116 1719 1173 1780 sibi
1196 1722 1227 1780 in
1256 1719 1313 1781 hac
1335 1721 1471 1781 alterave

124 1844 156 1883 re
179 1833 362 1904 pepererant
385 1826 522 1905 gloriam.
555 1825 687 1906 denique
714 1827 773 1887 buc
794 1826 998 1900 referendum,
1024 1826 1103 1906 quod
1126 1845 1180 1887 sua
1204 1843 1296 1904 opera
1319 1827 1470 1885 Romanos

128 1928 254 1989 Graecis
284 1930 376 2010 plane
409 1951 509 1991 carcre
540 1951 630 2010 posse
661 1931 817 1992 contendit
840 1927 892 2016 (de
924 1931 985 1991 div.
1009 1931 1042 1991 11
1066 1934 1095 1999 2,
1128 1932 1161 2005 53
1200 1930 1291 1991 Tusc.
1315 1930 1349 1990 II
1374 1933 1402 2003 2,
1428 1930 1469 2009 5),

124 2033 205 2112 quod
222 2033 357 2095 Atticum
372 2036 446 2096 facit
461 2036 498 2095 ad
521 2056 554 2096 se
569 2038 668 2116 ipsum
683 2036 834 2097 dicentem
850 2036 887 2097 de
903 2037 982 2116 legg.
999 2037 1016 2095 I
1032 2038 1061 2109 2,
1079 2038 1112 2095 5:
1130 2034 1307 2115 ‘postulatur
1323 2056 1342 2094 a
1363 2036 1470 2094 teiam

123 2138 177 2198 din
194 2140 258 2202 ‚vel
282 2140 433 2219 flagitatur
454 2141 594 2216 historia;
629 2144 672 2201 sic
695 2143 775 2202 enim
797 2150 908 2222 putant
930 2151 961 2202 te
982 2141 1066 2201 illam
1089 2149 1237 2201 tractante
1264 2140 1341 2199 effici
1369 2158 1468 2219 posse,

124 2252 158 2302 ut
189 2245 220 2303 in
254 2245 312 2305 hoc
342 2246 433 2305 etiam
464 2266 577 2326 genere
608 2245 754 2307 Graeciae
785 2247 862 2307 nihil
897 2246 1059 2309 cedamus.'
1093 2246 1172 2327 quod
1207 2248 1231 2306 si
1254 2253 1392 2327 tempora
1414 2244 1468 2303 illa

122 2369 202 2428 quae
223 2348 347 2422 fuerint,
376 2350 572 2430 respiciemus
601 2360 631 2411 et
654 2372 744 2432 quem
775 2354 805 2412 in
834 2354 956 2412 civitate
978 2354 1114 2412 Rom-ana
1146 2352 1245 2411 locum
1275 2350 1385 2411 Graeci
1408 2359 1471 2409 tum

121 2453 316 2536 obtinuerint,
345 2456 410 2516 fieri
432 2477 493 2516 nou
525 2458 644 2538 poterit,
681 2459 753 2538 quin
778 2457 917 2518 Ciceroni
951 2459 1149 2537 ignoscamus,
1183 2457 1262 2536 quod
1285 2454 1471 2537 temporibus

122 2560 232 2619 cedens
254 2562 374 2642 saepius
397 2571 502 2622 contra
523 2563 682 2622 veritatem
715 2572 745 2623 et
775 2564 902 2623 fortasse
926 2571 1030 2623 contra
1058 2583 1142 2622 suam
1166 2562 1261 2640 ipsius
1289 2561 1470 2622 sententiam

121 2664 326 2726 Romanorum
349 2668 479 2745 ingeniis
500 2668 633 2747 palmam
656 2667 773 2727 detulit.

723 2810 877 2819 ...η-*-

229 2895 320 2957 Nunc
353 2917 401 2957 me
424 2905 598 2957 convertam
630 2897 669 2957 ad
692 2896 847 2958 Ciceronis
878 2906 1036 2979 poetarum
1068 2896 1255 2973 singulorum
1287 2894 1388 2955 studia
1421 2914 1471 2955 ex·

122 3001 289 3082 plananda,
313 3023 349 3063 ac
362 3004 492 3082 primum
514 3002 634 3082 quidem
650 3002 687 3063 ad
699 3024 759 3079 eos,
771 3025 789 3063 a
803 3003 913 3083 quibus
928 3001 1084 3079 exordium
1094 3002 1218 3081 sumpsit
1233 3000 1333 3080 poesis
1348 3000 1470 3082 Latina,

119 3107 266 3167 Livium
281 3107 545 3181 Andronicum,
568 3106 630 3168 Cn.
647 3108 838 3182 Naevium,
863 3106 900 3181 Q.
918 3106 1084 3165 Ennium.
1101 3107 1205 3186 itaque
1221 3102 1302 3185 quod
1317 3105 1471 3166 hominum

120 3214 189 3293 ipsa
210 3222 319 3274 natura
340 3215 410 3288 lert,
440 3222 474 3273 ut
496 3215 629 3274 omnium
652 3234 750 3274 rerum
772 3214 861 3273 initia
883 3221 975 3293 atque
997 3210 1162 3292 primordia
1185 3210 1406 3286 concelebrent,
1440 3210 1472 3270 id

121 3338 162 3377 ne
185 3337 204 3376 a
219 3315 365 3378 Cicerone
388 3318 510 3399 quidem
535 3319 668 3405 alienum
691 3318 945 3403 fuissevidemus,
970 3338 1036 3378 cum
1059 3318 1159 3403 facere
1181 3337 1241 3376 non
1264 3326 1374 3397 posset,
1399 3318 1472 3397 quin

29 3459 37 3485 ι
120 3424 242 3504 saepius
266 3422 303 3482 ab
327 3424 389 3498 illis
413 3425 492 3483 iacta
516 3444 581 3485 esse
597 3425 766 3485 litterarum
788 3423 986 3485 fundamenta
1003 3430 1258 3483 commemoraret.
1283 3442 1383 3503 neque
1399 3442 1472 3482 voro

117 3529 150 3588 id
172 3530 295 3600 mirum,
330 3530 410 3611 quod
432 3528 465 3589 in
498 3530 555 3589 bac
581 3551 615 3589 re
649 3531 741 3611 paulo
777 3530 969 3590 curiosiorem
1001 3550 1034 3590 se
1056 3530 1208 3608 praestitit
1239 3528 1272 3587 in
1306 3536 1474 3608 temporum

119 3633 290 3693 rationibus
312 3634 533 3714 investigandis
557 3643 649 3715 atque
672 3635 900 3696 constituendis.
924 3634 1010 3694 velut
1033 3634 1119 3694 Brut.
1147 3634 1198 3707 18,
1224 3635 1275 3707 72,
1299 3633 1352 3693 ubi
1375 3653 1474 3693 exem-

118 3739 182 3820 plis
205 3740 357 3817 congestis
380 3739 538 3799 ostendere
562 3738 662 3799 studet
688 3740 775 3799 utin
799 3749 864 3800 arte
887 3739 1045 3812 rhetorica,
1078 3739 1175 3799 sicin
1199 3739 1305 3797 ceteris
1334 3739 1472 3799 omnibus

120 3844 212 3903 rebus
244 3843 320 3903 nihil
354 3863 419 3905 esse
452 3845 541 3904 simul
572 3847 730 3906 inventum
766 3853 796 3903 et
833 3845 1011 3925 perfectum,
1053 3845 1180 3904 multum
1213 3845 1359 3905 interesse
1396 3844 1475 3903 inter

119 3950 258 4011 Ennium
280 3958 311 4009 et
333 3949 455 4009 Livium
473 3950 680 4010 Andronicum
704 3948 867 4009 contendit.
891 3958 954 4008 tum
978 3951 1022 4009 ita
1043 3951 1159 4029 pergit:
1185 3950 1278 4029 ‘atqui
1301 3949 1351 4008 hic
1367 3948 1472 4007 Livius

230 4086 249 4152 ¹)
270 4086 311 4137 Oi.
334 4086 402 4139 Klee
426 4088 496 4149 ‘Qua
520 4087 553 4138 de
576 4102 660 4138 causa
682 4087 784 4153 iactum
810 4087 854 4152 sit,
877 4090 907 4137 ut
927 4086 1021 4137 Cicero
1041 4102 1057 4137 a
1076 4087 1215 4137 nonnullis
1238 4084 1398 4152 aequalibus
1417 4085 1473 4136 suis

117 4170 242 4241 Γραικὸς
264 4170 311 4225 καὶ
333 4172 508 4242 exulcerastis
530 4174 722 4229 nominaretur'
747 4174 879 4239 Ostrowo,
908 4176 984 4226 18⁷7.
1013 4175 1059 4241 qni
1090 4188 1253 4241 quamquam
1275 4172 1357 4239 paulo
1387 4173 1473 4223 fusius

118 4268 207 4312 totam
217 4278 272 4322 rem
294 4264 429 4327 tractavit,
443 4267 533 4313 tamen
553 4264 622 4314 vivis
635 4261 771 4313 coloribus
784 4266 907 4328 tempora
923 4262 978 4326 illa,
990 4263 1091 4329 quibus
1106 4262 1217 4327 vigebat
1231 4261 1334 4323 Cicero,
1355 4260 1475 4325 depinxit

119 4356 148 4401 et
162 4348 333 4400 difficultates
348 4352 480 4415 exposuit,
494 4365 565 4415 quae
576 4349 694 4415 undique
712 4350 873 4400 obstiterant
882 4349 1022 4401 Ciceronis
1035 4350 1130 4400 studiis
1141 4347 1184 4413 (ct.
1198 4364 1223 4412 p.
1237 4350 1254 4397 4
1268 4362 1333 4411 sqq,
1344 4349 1376 4397 16
1396 4348 1472 4413 sqq).

230 4434 250 4501 ⁷)
271 4437 311 4489 Cf.
330 4438 432 4488 Ritschl
452 4437 501 4503 Op.
521 4438 569 4500 ΙΙΙ,
587 4454 613 4503 p.
633 4438 785 4489 eut-701:
804 4437 855 4488 Rh.
874 4436 910 4488 M.
928 4436 974 4487 XI.
993 4453 1019 4502 p.
1038 4437 1187 4488 stt-480.
