<?xml version="1.0" encoding="UTF-8"?>
<!DOCTYPE html PUBLIC "-//W3C//DTD XHTML 1.0 Transitional//EN"
    "http://www.w3.org/TR/xhtml1/DTD/xhtml1-transitional.dtd">
<html xmlns="http://www.w3.org/1999/xhtml" xml:lang="en" lang="en">
 <head>
  <title>
</title>
<meta http-equiv="Content-Type" content="text/html;charset=utf-8" />
  <meta name='ocr-system' content='tesseract 3.04.00' />
  <meta name='ocr-capabilities' content='ocr_page ocr_carea ocr_par ocr_line ocrx_word'/>
</head>
<body>
  <div class='ocr_page' id='page_1' title='image "./dissertationesp07wiengoog_0033.png"; bbox 0 0 3300 5059; ppageno 0'>
   <div class='ocr_carea' id='block_1_1' title="bbox 32 354 1504 980">
    <p class='ocr_par' dir='ltr' id='par_1_1' title="bbox 30 346 1504 980">
     <span class='ocr_line' id='line_1_1' title="bbox 145 354 1502 451; baseline 0.001 -16.924"><span class='ocrx_word' id='word_1_1' title='bbox 145 368 283 435; x_wconf 69' lang='lat' dir='ltr'>XXVII.</span> <span class='ocrx_word' id='word_1_2' title='bbox 306 373 379 433; x_wconf 89' lang='lat' dir='ltr'><strong>solis</strong></span> <span class='ocrx_word' id='word_1_3' title='bbox 405 354 517 432; x_wconf 81' lang='lat' dir='ltr'><strong>insunt.</strong></span> <span class='ocrx_word' id='word_1_4' title='bbox 548 372 581 431; x_wconf 89' lang='lat' dir='ltr'><strong>in</strong></span> <span class='ocrx_word' id='word_1_5' title='bbox 609 356 728 451; x_wconf 88' lang='lat' dir='ltr'><strong>edyllio</strong></span> <span class='ocrx_word' id='word_1_6' title='bbox 747 382 848 432; x_wconf 89' lang='lat' dir='ltr'><strong>autern</strong></span> <span class='ocrx_word' id='word_1_7' title='bbox 870 372 945 435; x_wconf 89' lang='lat' dir='ltr'><strong>XX.</strong></span> <span class='ocrx_word' id='word_1_8' title='bbox 969 375 1121 434; x_wconf 88' lang='lat' dir='ltr'><strong>variarum</strong></span> <span class='ocrx_word' id='word_1_9' title='bbox 1149 375 1318 434; x_wconf 78' lang='lat' dir='ltr'><strong>hexametri</strong></span> <span class='ocrx_word' id='word_1_10' title='bbox 1340 377 1502 435; x_wconf 85' lang='lat' dir='ltr'><strong>formarum</strong></span> 
     </span>
     <span class='ocr_line' id='line_1_2' title="bbox 126 476 1503 559; baseline 0.001 -20.87"><span class='ocrx_word' id='word_1_11' title='bbox 126 496 236 539; x_wconf 32' lang='lat' dir='ltr'><strong>rusum</strong></span> <span class='ocrx_word' id='word_1_12' title='bbox 259 480 391 539; x_wconf 88' lang='lat' dir='ltr'><strong>maximo</strong></span> <span class='ocrx_word' id='word_1_13' title='bbox 415 478 586 537; x_wconf 89' lang='lat' dir='ltr'><strong>restrictum</strong></span> <span class='ocrx_word' id='word_1_14' title='bbox 608 476 747 536; x_wconf 86' lang='lat' dir='ltr'><strong>videmus</strong></span> <span class='ocrx_word' id='word_1_15' title='bbox 770 481 902 553; x_wconf 85' lang='lat' dir='ltr'><strong>(carmen</strong></span> <span class='ocrx_word' id='word_1_16' title='bbox 928 480 1007 538; x_wconf 90' lang='lat' dir='ltr'><strong>enim</strong></span> <span class='ocrx_word' id='word_1_17' title='bbox 1029 480 1130 553; x_wconf 75' lang='lat' dir='ltr'>XIX,</span> <span class='ocrx_word' id='word_1_18' title='bbox 1159 501 1227 540; x_wconf 93' lang='lat' dir='ltr'><strong>cum</strong></span> <span class='ocrx_word' id='word_1_19' title='bbox 1250 501 1310 540; x_wconf 93' lang='lat' dir='ltr'><strong>uon</strong></span> <span class='ocrx_word' id='word_1_20' title='bbox 1332 482 1401 559; x_wconf 94' lang='lat' dir='ltr'><strong>plus</strong></span> <span class='ocrx_word' id='word_1_21' title='bbox 1424 482 1503 542; x_wconf 89' lang='lat' dir='ltr'>VIII</span> 
     </span>
     <span class='ocr_line' id='line_1_3' title="bbox 40 564 1502 669; baseline -0.001 -22"><span class='ocrx_word' id='word_1_22' title='bbox 40 582 114 669; x_wconf 79' lang='lat'><strong>,</strong></span> <span class='ocrx_word' id='word_1_23' title='bbox 141 564 250 643; x_wconf 75' lang='lat' dir='ltr'><strong>¹versus</strong></span> <span class='ocrx_word' id='word_1_24' title='bbox 281 582 434 656; x_wconf 78' lang='lat' dir='ltr'><strong>exhibeat,</strong></span> <span class='ocrx_word' id='word_1_25' title='bbox 469 582 568 641; x_wconf 91' lang='lat' dir='ltr'><strong>minus</strong></span> <span class='ocrx_word' id='word_1_26' title='bbox 602 583 634 641; x_wconf 93' lang='lat' dir='ltr'><strong>in</strong></span> <span class='ocrx_word' id='word_1_27' title='bbox 666 602 789 642; x_wconf 88' lang='lat' dir='ltr'><strong>censum</strong></span> <span class='ocrx_word' id='word_1_28' title='bbox 820 578 934 665; x_wconf 79' lang='lat' dir='ltr'><strong>venit);</strong></span> <span class='ocrx_word' id='word_1_29' title='bbox 965 604 1036 643; x_wconf 91' lang='lat' dir='ltr'><strong>nam</strong></span> <span class='ocrx_word' id='word_1_30' title='bbox 1068 581 1102 642; x_wconf 90' lang='lat' dir='ltr'>X</span> <span class='ocrx_word' id='word_1_31' title='bbox 1132 583 1222 645; x_wconf 91' lang='lat' dir='ltr'><strong>modo</strong></span> <span class='ocrx_word' id='word_1_32' title='bbox 1254 586 1370 645; x_wconf 85' lang='lat' dir='ltr'><strong>formae</strong></span> <span class='ocrx_word' id='word_1_33' title='bbox 1402 587 1434 644; x_wconf 93' lang='lat' dir='ltr'><strong>in</strong></span> <span class='ocrx_word' id='word_1_34' title='bbox 1466 606 1502 647; x_wconf 92' lang='lat' dir='ltr'><strong>eo</strong></span> 
     </span>
     <span class='ocr_line' id='line_1_4' title="bbox 115 684 1504 772; baseline 0.006 -30.504"><span class='ocrx_word' id='word_1_35' title='bbox 115 754 117 759; x_wconf 68' lang='lat'><strong>,</strong></span> <span class='ocrx_word' id='word_1_36' title='bbox 138 686 348 767; x_wconf 63' lang='lat' dir='ltr'><strong>‘reperiuntun</strong></span> <span class='ocrx_word' id='word_1_37' title='bbox 372 706 500 766; x_wconf 90' lang='lat' dir='ltr'><strong>quarum</strong></span> <span class='ocrx_word' id='word_1_38' title='bbox 515 684 566 745; x_wconf 90' lang='lat' dir='ltr'>IX</span> <span class='ocrx_word' id='word_1_39' title='bbox 581 687 673 745; x_wconf 91' lang='lat' dir='ltr'><strong>etiam</strong></span> <span class='ocrx_word' id='word_1_40' title='bbox 688 686 817 746; x_wconf 87' lang='lat' dir='ltr'><strong>Nonnus</strong></span> <span class='ocrx_word' id='word_1_41' title='bbox 841 686 976 761; x_wconf 81' lang='lat' dir='ltr'><strong>admisit3</strong></span> <span class='ocrx_word' id='word_1_42' title='bbox 1000 689 1096 747; x_wconf 84' lang='lat' dir='ltr'><strong>forma</strong></span> <span class='ocrx_word' id='word_1_43' title='bbox 1119 697 1220 749; x_wconf 88' lang='lat' dir='ltr'><strong>autem</strong></span> <span class='ocrx_word' id='word_1_44' title='bbox 1243 689 1362 749; x_wconf 85' lang='lat' dir='ltr'><strong>decima</strong></span> <span class='ocrx_word' id='word_1_45' title='bbox 1384 689 1504 772; x_wconf 80' lang='lat' dir='ltr'><strong>(ssddd)</strong></span> 
     </span>
     <span class='ocr_line' id='line_1_5' title="bbox 32 790 1502 873; baseline 0.003 -22"><span class='ocrx_word' id='word_1_46' title='bbox 32 790 105 861; x_wconf 67' lang='grc' dir='ltr'><strong>ζ·</strong></span> <span class='ocrx_word' id='word_1_47' title='bbox 129 790 239 873; x_wconf 71' lang='lat' dir='ltr'><strong>¹semel</strong></span> <span class='ocrx_word' id='word_1_48' title='bbox 273 800 391 850; x_wconf 88' lang='lat' dir='ltr'><strong>tantum</strong></span> <span class='ocrx_word' id='word_1_49' title='bbox 424 791 563 863; x_wconf 90' lang='lat' dir='ltr'><strong>occurrit,</strong></span> <span class='ocrx_word' id='word_1_50' title='bbox 596 792 629 850; x_wconf 92' lang='lat' dir='ltr'><strong>in</strong></span> <span class='ocrx_word' id='word_1_51' title='bbox 655 810 748 850; x_wconf 86' lang='lat' dir='ltr'><strong>versu</strong></span> <span class='ocrx_word' id='word_1_52' title='bbox 776 794 828 855; x_wconf 85' lang='lat'><strong>30.</strong></span> <span class='ocrx_word' id='word_1_53' title='bbox 863 794 915 871; x_wconf 88' lang='lat' dir='ltr'><strong>qui</strong></span> <span class='ocrx_word' id='word_1_54' title='bbox 948 793 1123 872; x_wconf 87' lang='lat' dir='ltr'><strong>anaphoras</strong></span> <span class='ocrx_word' id='word_1_55' title='bbox 1158 792 1257 873; x_wconf 87' lang='lat' dir='ltr'><strong>figura</strong></span> <span class='ocrx_word' id='word_1_56' title='bbox 1284 803 1331 854; x_wconf 85' lang='lat' dir='ltr'><strong>est</strong></span> <span class='ocrx_word' id='word_1_57' title='bbox 1362 795 1502 873; x_wconf 89' lang='lat' dir='ltr'><strong>insignis:</strong></span> 
     </span>
     <span class='ocr_line' id='line_1_6' title="bbox 35 893 1503 980; baseline 0.002 -21"><span class='ocrx_word' id='word_1_58' title='bbox 35 894 107 975; x_wconf 56' lang='lat' dir='ltr'><strong>‘jc-&#39;2</strong></span> <span class='ocrx_word' id='word_1_59' title='bbox 145 894 209 957; x_wconf 77' lang='grc' dir='ltr'><strong>καὶ</strong></span> <span class='ocrx_word' id='word_1_60' title='bbox 230 900 352 957; x_wconf 76' lang='grc' dir='ltr'><em>παῖσαι</em></span> <span class='ocrx_word' id='word_1_61' title='bbox 373 894 474 958; x_wconf 83' lang='grc' dir='ltr'><em>καλόν</em></span> <span class='ocrx_word' id='word_1_62' title='bbox 492 916 532 976; x_wconf 81' lang='grc' dir='ltr'><strong>με</strong></span> <span class='ocrx_word' id='word_1_63' title='bbox 547 896 615 957; x_wconf 82' lang='grc' dir='ltr'><em>κατ’</em></span> <span class='ocrx_word' id='word_1_64' title='bbox 639 896 725 978; x_wconf 69' lang='lat' dir='ltr'><strong>bosa</strong></span> <span class='ocrx_word' id='word_1_65' title='bbox 748 894 847 977; x_wconf 79' lang='grc' dir='ltr'><em>φαντὶ</em></span> <span class='ocrx_word' id='word_1_66' title='bbox 861 903 1024 976; x_wconf 74' lang='grc' dir='ltr'><em>γυναῖκες,</em></span> <span class='ocrx_word' id='word_1_67' title='bbox 1042 893 1048 974; x_wconf 82' lang='grc' dir='ltr'>Ι</span> <span class='ocrx_word' id='word_1_68' title='bbox 1067 895 1261 958; x_wconf 72' lang='lat' dir='ltr'><strong>naiadum</strong></span> <span class='ocrx_word' id='word_1_69' title='bbox 1282 918 1323 978; x_wconf 83' lang='grc' dir='ltr'><strong>με</strong></span> <span class='ocrx_word' id='word_1_70' title='bbox 1346 901 1503 980; x_wconf 62' lang='lat' dir='ltr'><strong>prmum.</strong></span> 
     </span>
    </p>
   </div>
   <div class='ocr_carea' id='block_1_2' title="bbox 26 996 1502 1193">
    <p class='ocr_par' dir='ltr' id='par_1_2' title="bbox 26 996 1502 1193">
     <span class='ocr_line' id='line_1_7' title="bbox 28 996 1502 1089; baseline 0.001 -28"><span class='ocrx_word' id='word_1_71' title='bbox 28 1036 67 1087; x_wconf 65' lang='lat'><strong>333</strong></span> <span class='ocrx_word' id='word_1_72' title='bbox 91 1058 114 1089; x_wconf 8' lang='grc' dir='ltr'><strong>,ἵ</strong></span> <span class='ocrx_word' id='word_1_73' title='bbox 232 996 368 1059; x_wconf 74' lang='lat' dir='ltr'><strong>Eaedem</strong></span> <span class='ocrx_word' id='word_1_74' title='bbox 394 1001 509 1059; x_wconf 87' lang='lat' dir='ltr'><strong>formae</strong></span> <span class='ocrx_word' id='word_1_75' title='bbox 531 998 564 1059; x_wconf 88' lang='lat' dir='ltr'>X</span> <span class='ocrx_word' id='word_1_76' title='bbox 587 1008 694 1058; x_wconf 90' lang='lat' dir='ltr'><strong>extant</strong></span> <span class='ocrx_word' id='word_1_77' title='bbox 720 999 752 1057; x_wconf 93' lang='lat' dir='ltr'><strong>in</strong></span> <span class='ocrx_word' id='word_1_78' title='bbox 776 1019 801 1057; x_wconf 91' lang='lat' dir='ltr'><strong>c.</strong></span> <span class='ocrx_word' id='word_1_79' title='bbox 825 998 960 1072; x_wconf 80' lang='lat' dir='ltr'>XXIII,</span> <span class='ocrx_word' id='word_1_80' title='bbox 992 1008 1142 1077; x_wconf 83' lang='lat' dir='ltr'><strong>augentur</strong></span> <span class='ocrx_word' id='word_1_81' title='bbox 1163 1008 1264 1059; x_wconf 90' lang='lat' dir='ltr'><strong>autem</strong></span> <span class='ocrx_word' id='word_1_82' title='bbox 1286 1002 1382 1061; x_wconf 84' lang='lat' dir='ltr'><strong>forma</strong></span> <span class='ocrx_word' id='word_1_83' title='bbox 1405 1003 1502 1077; x_wconf 91' lang='lat' dir='ltr'><strong>ssdsd,</strong></span> 
     </span>
     <span class='ocr_line' id='line_1_8' title="bbox 26 1090 1502 1193; baseline 0.001 -28"><span class='ocrx_word' id='word_1_84' title='bbox 26 1092 70 1193; x_wconf 60' lang='lat' dir='ltr'><strong>J:</strong></span> <span class='ocrx_word' id='word_1_85' title='bbox 112 1090 113 1093; x_wconf 24' lang='lat'>¹</span> <span class='ocrx_word' id='word_1_86' title='bbox 145 1122 226 1185; x_wconf 84' lang='lat' dir='ltr'><strong>quae</strong></span> <span class='ocrx_word' id='word_1_87' title='bbox 248 1104 447 1164; x_wconf 84' lang='lat' dir='ltr'><strong>inveniturv.</strong></span> <span class='ocrx_word' id='word_1_88' title='bbox 465 1106 503 1163; x_wconf 78' lang='lat'><strong>51</strong></span> <span class='ocrx_word' id='word_1_89' title='bbox 528 1102 590 1165; x_wconf 83' lang='grc' dir='ltr'><strong>τὰν</strong></span> <span class='ocrx_word' id='word_1_90' title='bbox 611 1101 731 1165; x_wconf 73' lang='lat' dir='ltr'><strong>lauriss</strong></span> <span class='ocrx_word' id='word_1_91' title='bbox 750 1102 909 1182; x_wconf 77' lang='grc' dir='ltr'><strong>σχοινῖὸα,</strong></span> <span class='ocrx_word' id='word_1_92' title='bbox 930 1104 1053 1186; x_wconf 80' lang='grc' dir='ltr'><em>βρόχον</em></span> <span class='ocrx_word' id='word_1_93' title='bbox 1075 1102 1103 1165; x_wconf 84' lang='lat' dir='ltr'><strong>d&#39;</strong></span> <span class='ocrx_word' id='word_1_94' title='bbox 1115 1102 1251 1186; x_wconf 80' lang='grc' dir='ltr'><em>ἔμβαλλε</em></span> <span class='ocrx_word' id='word_1_95' title='bbox 1271 1107 1425 1192; x_wconf 76' lang='grc' dir='ltr'><em>τραχήλῳ.</em></span> <span class='ocrx_word' id='word_1_96' title='bbox 1448 1107 1502 1167; x_wconf 86' lang='lat' dir='ltr'><strong>sed</strong></span> 
     </span>
    </p>
   </div>
   <div class='ocr_carea' id='block_1_3' title="bbox 15 1204 1541 1499">
    <p class='ocr_par' dir='ltr' id='par_1_3' title="bbox 15 1204 1541 1511">
     <span class='ocr_line' id='line_1_9' title="bbox 111 1204 1497 1290; baseline 0.003 -23.754"><span class='ocrx_word' id='word_1_97' title='bbox 111 1262 114 1267; x_wconf 93' lang='grc'><em>,</em></span> <span class='ocrx_word' id='word_1_98' title='bbox 145 1204 237 1267; x_wconf 67' lang='lat' dir='ltr'><strong>valde</strong></span> <span class='ocrx_word' id='word_1_99' title='bbox 259 1206 389 1288; x_wconf 86' lang='lat' dir='ltr'><strong>dubites,</strong></span> <span class='ocrx_word' id='word_1_100' title='bbox 412 1228 484 1269; x_wconf 90' lang='lat' dir='ltr'><strong>num</strong></span> <span class='ocrx_word' id='word_1_101' title='bbox 506 1208 597 1269; x_wconf 89' lang='lat' dir='ltr'><strong>lectio</strong></span> <span class='ocrx_word' id='word_1_102' title='bbox 621 1206 756 1290; x_wconf 75' lang='grc' dir='ltr'><strong><em>ἔμβαλλε</em></strong></span> <span class='ocrx_word' id='word_1_103' title='bbox 770 1209 810 1267; x_wconf 89' lang='lat' dir='ltr'><strong>sit</strong></span> <span class='ocrx_word' id='word_1_104' title='bbox 825 1208 969 1286; x_wconf 87' lang='lat' dir='ltr'><strong>genuina.</strong></span> <span class='ocrx_word' id='word_1_105' title='bbox 992 1217 1053 1267; x_wconf 88' lang='lat' dir='ltr'><strong>tres</strong></span> <span class='ocrx_word' id='word_1_106' title='bbox 1068 1209 1149 1267; x_wconf 92' lang='lat' dir='ltr'><strong>enim</strong></span> <span class='ocrx_word' id='word_1_107' title='bbox 1165 1209 1292 1282; x_wconf 90' lang='lat' dir='ltr'><strong>codices,</strong></span> <span class='ocrx_word' id='word_1_108' title='bbox 1315 1210 1385 1271; x_wconf 86' lang='lat' dir='ltr'><strong>Vct.</strong></span> <span class='ocrx_word' id='word_1_109' title='bbox 1404 1213 1497 1285; x_wconf 84' lang='grc'>1311,</span> 
     </span>
     <span class='ocr_line' id='line_1_10' title="bbox 15 1304 1541 1396; baseline 0.006 -26"><span class='ocrx_word' id='word_1_110' title='bbox 15 1304 40 1331; x_wconf 69' lang='lat'>³</span> <span class='ocrx_word' id='word_1_111' title='bbox 125 1306 217 1371; x_wconf 75' lang='lat' dir='ltr'><strong>.Vat.</strong></span> <span class='ocrx_word' id='word_1_112' title='bbox 241 1310 335 1385; x_wconf 78' lang='lat'><strong>1379,</strong></span> <span class='ocrx_word' id='word_1_113' title='bbox 363 1310 505 1373; x_wconf 79' lang='lat' dir='ltr'><strong>Ambros.</strong></span> <span class='ocrx_word' id='word_1_114' title='bbox 529 1312 568 1369; x_wconf 82' lang='lat'><strong>75</strong></span> <span class='ocrx_word' id='word_1_115' title='bbox 598 1311 742 1372; x_wconf 84' lang='lat' dir='ltr'><strong>exhibent</strong></span> <span class='ocrx_word' id='word_1_116' title='bbox 769 1310 892 1394; x_wconf 77' lang='grc' dir='ltr'><em>ἔβαλλε,</em></span> <span class='ocrx_word' id='word_1_117' title='bbox 915 1309 996 1370; x_wconf 84' lang='lat' dir='ltr'><strong>Med.</strong></span> <span class='ocrx_word' id='word_1_118' title='bbox 1020 1315 1061 1370; x_wconf 82' lang='lat'><strong>43</strong></span> <span class='ocrx_word' id='word_1_119' title='bbox 1085 1310 1243 1394; x_wconf 80' lang='grc' dir='ltr'><em>ἐνέβαλλε.</em></span> <span class='ocrx_word' id='word_1_120' title='bbox 1267 1312 1378 1396; x_wconf 83' lang='grc' dir='ltr'><em>ἔβαλλε</em></span> <span class='ocrx_word' id='word_1_121' title='bbox 1401 1324 1502 1374; x_wconf 90' lang='lat' dir='ltr'><strong>autem</strong></span> <span class='ocrx_word' id='word_1_122' title='bbox 1537 1372 1541 1379; x_wconf 95' lang='lat'>.</span> 
     </span>
     <span class='ocr_line' id='line_1_11' title="bbox 142 1412 1503 1499; baseline 0.001 -22.919"><span class='ocrx_word' id='word_1_123' title='bbox 142 1422 243 1477; x_wconf 69' lang='lat' dir='ltr'><strong>mum</strong></span> <span class='ocrx_word' id='word_1_124' title='bbox 273 1434 339 1477; x_wconf 86' lang='lat' dir='ltr'><strong>esse</strong></span> <span class='ocrx_word' id='word_1_125' title='bbox 368 1436 407 1475; x_wconf 92' lang='lat' dir='ltr'><strong>ex</strong></span> <span class='ocrx_word' id='word_1_126' title='bbox 438 1412 586 1499; x_wconf 80' lang='grc' dir='ltr'><em>ἐνέβαλλε</em></span> <span class='ocrx_word' id='word_1_127' title='bbox 621 1436 683 1476; x_wconf 91' lang='lat' dir='ltr'><strong>nou</strong></span> <span class='ocrx_word' id='word_1_128' title='bbox 714 1416 813 1475; x_wconf 89' lang='lat' dir='ltr'><strong>minus</strong></span> <span class='ocrx_word' id='word_1_129' title='bbox 845 1416 912 1475; x_wconf 89' lang='lat' dir='ltr'><strong>veri</strong></span> <span class='ocrx_word' id='word_1_130' title='bbox 938 1414 1037 1475; x_wconf 92' lang='lat' dir='ltr'><strong>simile</strong></span> <span class='ocrx_word' id='word_1_131' title='bbox 1059 1425 1105 1475; x_wconf 91' lang='lat' dir='ltr'><strong>est</strong></span> <span class='ocrx_word' id='word_1_132' title='bbox 1127 1436 1216 1494; x_wconf 90' lang='lat' dir='ltr'><strong>quam</strong></span> <span class='ocrx_word' id='word_1_133' title='bbox 1246 1437 1285 1476; x_wconf 88' lang='lat' dir='ltr'><strong>ex</strong></span> <span class='ocrx_word' id='word_1_134' title='bbox 1308 1416 1452 1499; x_wconf 78' lang='grc' dir='ltr'><em>ἔμβαλλε.</em></span> <span class='ocrx_word' id='word_1_135' title='bbox 1476 1421 1503 1479; x_wconf 94' lang='lat' dir='ltr'><strong>si</strong></span> 
     </span>
    </p>
   </div>
   <div class='ocr_carea' id='block_1_4' title="bbox 117 1518 1504 1811">
    <p class='ocr_par' dir='ltr' id='par_1_4' title="bbox 18 1486 1504 1811">
     <span class='ocr_line' id='line_1_12' title="bbox 145 1518 1504 1602; baseline 0.002 -22.744"><span class='ocrx_word' id='word_1_136' title='bbox 145 1518 240 1599; x_wconf 76' lang='lat' dir='ltr'><strong>igitur</strong></span> <span class='ocrx_word' id='word_1_137' title='bbox 263 1520 311 1579; x_wconf 83' lang='lat' dir='ltr'><strong>rei</strong></span> <span class='ocrx_word' id='word_1_138' title='bbox 338 1522 481 1581; x_wconf 88' lang='lat' dir='ltr'><strong>metricae</strong></span> <span class='ocrx_word' id='word_1_139' title='bbox 514 1522 660 1580; x_wconf 85' lang='lat' dir='ltr'><strong>rationem</strong></span> <span class='ocrx_word' id='word_1_140' title='bbox 691 1520 849 1593; x_wconf 89' lang='lat' dir='ltr'><strong>habemus,</strong></span> <span class='ocrx_word' id='word_1_141' title='bbox 881 1520 973 1579; x_wconf 91' lang='lat' dir='ltr'><strong>lectio</strong></span> <span class='ocrx_word' id='word_1_142' title='bbox 1004 1518 1163 1602; x_wconf 53' lang='lat' dir='ltr'><strong>burdulis,</strong></span> <span class='ocrx_word' id='word_1_143' title='bbox 1195 1541 1273 1601; x_wconf 88' lang='lat' dir='ltr'><strong>quae</strong></span> <span class='ocrx_word' id='word_1_144' title='bbox 1305 1524 1395 1581; x_wconf 90' lang='lat' dir='ltr'><strong>etiam</strong></span> <span class='ocrx_word' id='word_1_145' title='bbox 1419 1522 1504 1583; x_wconf 90' lang='lat' dir='ltr'><strong>libris</strong></span> 
     </span>
     <span class='ocr_line' id='line_1_13' title="bbox 117 1620 1101 1707; baseline -0.001 -22.091"><span class='ocrx_word' id='word_1_146' title='bbox 117 1620 119 1625; x_wconf 61' lang='grc'>’</span> <span class='ocrx_word' id='word_1_147' title='bbox 143 1642 187 1689; x_wconf 78' lang='lat' dir='ltr'><strong>m.</strong></span> <span class='ocrx_word' id='word_1_148' title='bbox 209 1642 272 1707; x_wconf 76' lang='lat' dir='ltr'><strong>aar.</strong></span> <span class='ocrx_word' id='word_1_149' title='bbox 290 1626 390 1703; x_wconf 86' lang='lat' dir='ltr'><strong>magis</strong></span> <span class='ocrx_word' id='word_1_150' title='bbox 414 1624 635 1704; x_wconf 86' lang='lat' dir='ltr'><strong>comprobatur,</strong></span> <span class='ocrx_word' id='word_1_151' title='bbox 659 1624 860 1703; x_wconf 84' lang='lat' dir='ltr'><strong>praeferenda</strong></span> <span class='ocrx_word' id='word_1_152' title='bbox 883 1644 948 1685; x_wconf 88' lang='lat' dir='ltr'><strong>csse</strong></span> <span class='ocrx_word' id='word_1_153' title='bbox 970 1624 1101 1684; x_wconf 88' lang='lat' dir='ltr'><strong>videtur.</strong></span> 
     </span>
     <span class='ocr_line' id='line_1_14' title="bbox 148 1724 1500 1811; baseline 0.001 -22"><span class='ocrx_word' id='word_1_154' title='bbox 148 1724 149 1727; x_wconf 44' lang='lat'>&#39;</span> <span class='ocrx_word' id='word_1_155' title='bbox 233 1728 271 1789; x_wconf 88' lang='lat' dir='ltr'><strong>In</strong></span> <span class='ocrx_word' id='word_1_156' title='bbox 287 1728 403 1809; x_wconf 92' lang='lat' dir='ltr'><strong>edyllio</strong></span> <span class='ocrx_word' id='word_1_157' title='bbox 413 1730 550 1789; x_wconf 85' lang='lat' dir='ltr'>XXVII.</span> <span class='ocrx_word' id='word_1_158' title='bbox 561 1730 641 1789; x_wconf 91' lang='lat' dir='ltr'><strong>inter</strong></span> <span class='ocrx_word' id='word_1_159' title='bbox 656 1729 857 1803; x_wconf 80' lang='lat' dir='ltr'><strong>hexametros,</strong></span> <span class='ocrx_word' id='word_1_160' title='bbox 875 1749 1002 1809; x_wconf 90' lang='lat' dir='ltr'><strong>quorum</strong></span> <span class='ocrx_word' id='word_1_161' title='bbox 1017 1748 1071 1808; x_wconf 88' lang='lat' dir='ltr'><strong>pes</strong></span> <span class='ocrx_word' id='word_1_162' title='bbox 1087 1729 1209 1809; x_wconf 85' lang='lat' dir='ltr'><strong>quintus</strong></span> <span class='ocrx_word' id='word_1_163' title='bbox 1225 1728 1348 1811; x_wconf 88' lang='lat' dir='ltr'><strong>dactylo</strong></span> <span class='ocrx_word' id='word_1_164' title='bbox 1365 1731 1500 1807; x_wconf 85' lang='lat' dir='ltr'><strong>efficitur,</strong></span> 
     </span>
    </p>
   </div>
   <div class='ocr_carea' id='block_1_5' title="bbox 18 1828 1504 2335">
    <p class='ocr_par' dir='ltr' id='par_1_5' title="bbox 18 1812 1504 2335">
     <span class='ocr_line' id='line_1_15' title="bbox 144 1828 1504 1914; baseline 0.004 -24.51"><span class='ocrx_word' id='word_1_165' title='bbox 144 1842 266 1911; x_wconf 82' lang='lat' dir='ltr'><strong>praeter</strong></span> <span class='ocrx_word' id='word_1_166' title='bbox 288 1833 409 1893; x_wconf 90' lang='lat' dir='ltr'><strong>easdem</strong></span> <span class='ocrx_word' id='word_1_167' title='bbox 430 1836 551 1914; x_wconf 74' lang='lat' dir='ltr'><strong>formas,</strong></span> <span class='ocrx_word' id='word_1_168' title='bbox 575 1854 654 1913; x_wconf 90' lang='lat' dir='ltr'><strong>quae</strong></span> <span class='ocrx_word' id='word_1_169' title='bbox 677 1828 875 1893; x_wconf 88' lang='lat' dir='ltr'><strong>inveniuntur</strong></span> <span class='ocrx_word' id='word_1_170' title='bbox 897 1833 929 1892; x_wconf 93' lang='lat' dir='ltr'><strong>in</strong></span> <span class='ocrx_word' id='word_1_171' title='bbox 953 1852 996 1893; x_wconf 91' lang='lat' dir='ltr'><strong>cc.</strong></span> <span class='ocrx_word' id='word_1_172' title='bbox 1012 1833 1084 1891; x_wconf 87' lang='lat' dir='ltr'><strong>XX.</strong></span> <span class='ocrx_word' id='word_1_173' title='bbox 1103 1844 1134 1892; x_wconf 89' lang='lat' dir='ltr'><strong>ct</strong></span> <span class='ocrx_word' id='word_1_174' title='bbox 1153 1834 1287 1906; x_wconf 80' lang='lat' dir='ltr'>XXIII,</span> <span class='ocrx_word' id='word_1_175' title='bbox 1312 1845 1373 1894; x_wconf 88' lang='lat' dir='ltr'><strong>tres</strong></span> <span class='ocrx_word' id='word_1_176' title='bbox 1397 1856 1504 1896; x_wconf 81' lang='lat' dir='ltr'><strong>versus</strong></span> 
     </span>
     <span class='ocr_line' id='line_1_16' title="bbox 18 1928 1501 2017; baseline 0.001 -20"><span class='ocrx_word' id='word_1_177' title='bbox 18 1928 58 2007; x_wconf 56' lang='lat' dir='ltr'><strong>‘s&#39;ssff&#39;</strong></span> <span class='ocrx_word' id='word_1_178' title='bbox 145 1934 289 2015; x_wconf 79' lang='lat' dir='ltr'><strong>leguntur</strong></span> <span class='ocrx_word' id='word_1_179' title='bbox 316 1938 354 1998; x_wconf 88' lang='lat' dir='ltr'><strong>ad</strong></span> <span class='ocrx_word' id='word_1_180' title='bbox 377 1937 498 1998; x_wconf 88' lang='lat' dir='ltr'><strong>schema</strong></span> <span class='ocrx_word' id='word_1_181' title='bbox 520 1938 606 1997; x_wconf 88' lang='lat' dir='ltr'><strong>sdssd</strong></span> <span class='ocrx_word' id='word_1_182' title='bbox 630 1939 818 2000; x_wconf 86' lang='lat' dir='ltr'><strong>conformati.</strong></span> <span class='ocrx_word' id='word_1_183' title='bbox 852 1956 1000 2016; x_wconf 90' lang='lat' dir='ltr'><strong>quaeres</strong></span> <span class='ocrx_word' id='word_1_184' title='bbox 1025 1957 1061 1997; x_wconf 94' lang='lat' dir='ltr'><strong>eo</strong></span> <span class='ocrx_word' id='word_1_185' title='bbox 1084 1939 1178 2017; x_wconf 89' lang='lat' dir='ltr'><strong>magis</strong></span> <span class='ocrx_word' id='word_1_186' title='bbox 1201 1937 1295 2017; x_wconf 91' lang='lat' dir='ltr'><strong>digna</strong></span> <span class='ocrx_word' id='word_1_187' title='bbox 1318 1951 1364 1998; x_wconf 91' lang='lat' dir='ltr'><strong>cst</strong></span> <span class='ocrx_word' id='word_1_188' title='bbox 1386 1949 1501 2015; x_wconf 89' lang='lat' dir='ltr'><strong>notatu,</strong></span> 
     </span>
     <span class='ocr_line' id='line_1_17' title="bbox 21 2039 1500 2121; baseline 0.003 -21"><span class='ocrx_word' id='word_1_189' title='bbox 21 2066 70 2121; x_wconf 62' lang='lat'><strong>,³3</strong></span> <span class='ocrx_word' id='word_1_190' title='bbox 120 2039 228 2121; x_wconf 72' lang='lat' dir='ltr'><strong>§quod</strong></span> <span class='ocrx_word' id='word_1_191' title='bbox 249 2042 326 2101; x_wconf 90' lang='lat' dir='ltr'><strong>haec</strong></span> <span class='ocrx_word' id='word_1_192' title='bbox 347 2062 453 2103; x_wconf 88' lang='lat' dir='ltr'><strong>versus</strong></span> <span class='ocrx_word' id='word_1_193' title='bbox 477 2042 591 2101; x_wconf 83' lang='lat' dir='ltr'><strong>heroici</strong></span> <span class='ocrx_word' id='word_1_194' title='bbox 612 2043 710 2107; x_wconf 86' lang='lat' dir='ltr'><strong>forma</strong></span> <span class='ocrx_word' id='word_1_195' title='bbox 732 2042 764 2102; x_wconf 90' lang='lat' dir='ltr'><strong>in</strong></span> <span class='ocrx_word' id='word_1_196' title='bbox 786 2041 927 2101; x_wconf 90' lang='lat' dir='ltr'><strong>omnibus</strong></span> <span class='ocrx_word' id='word_1_197' title='bbox 943 2041 1099 2101; x_wconf 82' lang='lat' dir='ltr'><strong>Theocriti</strong></span> <span class='ocrx_word' id='word_1_198' title='bbox 1122 2041 1304 2101; x_wconf 78' lang='lat' dir='ltr'><strong>carminibus</strong></span> <span class='ocrx_word' id='word_1_199' title='bbox 1326 2043 1425 2103; x_wconf 91' lang='lat' dir='ltr'><strong>bucol.</strong></span> <span class='ocrx_word' id='word_1_200' title='bbox 1440 2065 1500 2104; x_wconf 90' lang='lat' dir='ltr'><strong>non</strong></span> 
     </span>
     <span class='ocr_line' id='line_1_18' title="bbox 25 2134 1500 2227; baseline 0.001 -23"><span class='ocrx_word' id='word_1_201' title='bbox 28 2154 69 2227; x_wconf 51' lang='grc' dir='ltr'><strong>ᾖ,</strong></span> <span class='ocrx_word' id='word_1_202' title='bbox 131 2147 267 2225; x_wconf 69' lang='grc' dir='ltr'>111μί11</span> <span class='ocrx_word' id='word_1_203' title='bbox 282 2148 440 2225; x_wconf 86' lang='lat' dir='ltr'><strong>reperitur.</strong></span> <span class='ocrx_word' id='word_1_204' title='bbox 465 2147 620 2226; x_wconf 78' lang='lat' dir='ltr'><strong>anaphora</strong></span> <span class='ocrx_word' id='word_1_205' title='bbox 636 2156 737 2206; x_wconf 89' lang='lat' dir='ltr'><strong>autern</strong></span> <span class='ocrx_word' id='word_1_206' title='bbox 759 2164 838 2205; x_wconf 91' lang='lat' dir='ltr'><strong>unus</strong></span> <span class='ocrx_word' id='word_1_207' title='bbox 861 2145 950 2205; x_wconf 92' lang='lat' dir='ltr'><strong>modo</strong></span> <span class='ocrx_word' id='word_1_208' title='bbox 970 2146 1120 2205; x_wconf 87' lang='lat' dir='ltr'><strong>extribus</strong></span> <span class='ocrx_word' id='word_1_209' title='bbox 1135 2146 1196 2205; x_wconf 91' lang='lat' dir='ltr'><strong>illis</strong></span> <span class='ocrx_word' id='word_1_210' title='bbox 1212 2146 1350 2207; x_wconf 91' lang='lat' dir='ltr'><strong>carminis</strong></span> <span class='ocrx_word' id='word_1_211' title='bbox 1365 2148 1500 2208; x_wconf 90' lang='lat' dir='ltr'>XXVII.</span> 
     </span>
     <span class='ocr_line' id='line_1_19' title="bbox 22 2240 1504 2335; baseline 0.004 -26"><span class='ocrx_word' id='word_1_212' title='bbox 22 2240 81 2331; x_wconf 38' lang='lat'><strong>‘2³1‘-</strong></span> <span class='ocrx_word' id='word_1_213' title='bbox 113 2270 115 2277; x_wconf 87' lang='grc'><em>·</em></span> <span class='ocrx_word' id='word_1_214' title='bbox 146 2247 283 2309; x_wconf 84' lang='lat' dir='ltr'><strong>versibus</strong></span> <span class='ocrx_word' id='word_1_215' title='bbox 299 2251 479 2331; x_wconf 89' lang='lat' dir='ltr'><strong>conspicuus</strong></span> <span class='ocrx_word' id='word_1_216' title='bbox 496 2258 551 2325; x_wconf 91' lang='lat' dir='ltr'><strong>ast,</strong></span> <span class='ocrx_word' id='word_1_217' title='bbox 568 2250 637 2310; x_wconf 91' lang='lat' dir='ltr'><strong>dico</strong></span> <span class='ocrx_word' id='word_1_218' title='bbox 648 2253 727 2312; x_wconf 66' lang='lat' dir='ltr'><strong>aas</strong></span> <span class='ocrx_word' id='word_1_219' title='bbox 742 2249 893 2331; x_wconf 78' lang='grc' dir='ltr'><strong><em>τεύχεις</em></strong></span> <span class='ocrx_word' id='word_1_220' title='bbox 905 2270 963 2331; x_wconf 90' lang='grc' dir='ltr'><strong>μοι</strong></span> <span class='ocrx_word' id='word_1_221' title='bbox 977 2249 1157 2330; x_wconf 73' lang='grc' dir='ltr'><em>θαλάμους,</em></span> <span class='ocrx_word' id='word_1_222' title='bbox 1176 2252 1326 2330; x_wconf 76' lang='grc' dir='ltr'><strong><em>τεύχεις</em></strong></span> <span class='ocrx_word' id='word_1_223' title='bbox 1339 2252 1394 2314; x_wconf 80' lang='grc' dir='ltr'><strong>καὶ</strong></span> <span class='ocrx_word' id='word_1_224' title='bbox 1409 2252 1504 2335; x_wconf 80' lang='grc' dir='ltr'><em>δῶμα</em></span> 
     </span>
    </p>
   </div>
   <div class='ocr_carea' id='block_1_6' title="bbox 83 2350 340 2435">
    <p class='ocr_par' dir='ltr' id='par_1_6' title="bbox 29 2348 340 2435">
     <span class='ocr_line' id='line_1_20' title="bbox 83 2350 340 2435; baseline 0 -18"><span class='ocrx_word' id='word_1_225' title='bbox 83 2366 111 2405; x_wconf 71' lang='lat' dir='ltr'><strong>‘l</strong></span> <span class='ocrx_word' id='word_1_226' title='bbox 146 2350 201 2415; x_wconf 75' lang='lat' dir='ltr'><strong>uel</strong></span> <span class='ocrx_word' id='word_1_227' title='bbox 215 2350 340 2435; x_wconf 49' lang='grc' dir='ltr'><em>ἀὐλάς</em></span> 
     </span>
    </p>
   </div>
   <div class='ocr_carea' id='block_1_7' title="bbox 23 2456 1506 2751">
    <p class='ocr_par' dir='ltr' id='par_1_7' title="bbox 23 2456 1506 2757">
     <span class='ocr_line' id='line_1_21' title="bbox 67 2456 1503 2551; baseline 0.001 -33.976"><span class='ocrx_word' id='word_1_228' title='bbox 45 2536 69 2551; x_wconf 22' lang='grc' dir='ltr'>Ι</span> <span class='ocrx_word' id='word_1_229' title='bbox 233 2458 401 2551; x_wconf 75' lang='lat' dir='ltr'><strong>Numerum</strong></span> <span class='ocrx_word' id='word_1_230' title='bbox 425 2468 525 2518; x_wconf 86' lang='lat' dir='ltr'><strong>autem</strong></span> <span class='ocrx_word' id='word_1_231' title='bbox 548 2458 739 2539; x_wconf 82' lang='lat' dir='ltr'><strong>dactylorum</strong></span> <span class='ocrx_word' id='word_1_232' title='bbox 762 2467 794 2517; x_wconf 86' lang='lat' dir='ltr'><strong>et</strong></span> <span class='ocrx_word' id='word_1_233' title='bbox 816 2456 1016 2537; x_wconf 87' lang='lat' dir='ltr'><strong>spondeorum</strong></span> <span class='ocrx_word' id='word_1_234' title='bbox 1039 2458 1072 2517; x_wconf 91' lang='lat' dir='ltr'><strong>in</strong></span> <span class='ocrx_word' id='word_1_235' title='bbox 1087 2459 1262 2517; x_wconf 85' lang='lat' dir='ltr'><strong>universum</strong></span> <span class='ocrx_word' id='word_1_236' title='bbox 1278 2459 1304 2517; x_wconf 86' lang='lat' dir='ltr'><strong>si</strong></span> <span class='ocrx_word' id='word_1_237' title='bbox 1319 2468 1503 2538; x_wconf 86' lang='lat' dir='ltr'><strong>spectamus,</strong></span> 
     </span>
     <span class='ocr_line' id='line_1_22' title="bbox 98 2556 1506 2647; baseline 0.001 -25.95"><span class='ocrx_word' id='word_1_238' title='bbox 98 2556 100 2559; x_wconf 63' lang='grc'><strong>’</strong></span> <span class='ocrx_word' id='word_1_239' title='bbox 147 2562 278 2647; x_wconf 86' lang='lat' dir='ltr'><strong>maxime</strong></span> <span class='ocrx_word' id='word_1_240' title='bbox 300 2563 480 2642; x_wconf 86' lang='lat' dir='ltr'><strong>praevalent</strong></span> <span class='ocrx_word' id='word_1_241' title='bbox 502 2562 617 2642; x_wconf 88' lang='lat' dir='ltr'><strong>dactyli</strong></span> <span class='ocrx_word' id='word_1_242' title='bbox 640 2564 672 2621; x_wconf 92' lang='lat' dir='ltr'><strong>in</strong></span> <span class='ocrx_word' id='word_1_243' title='bbox 696 2563 743 2623; x_wconf 91' lang='lat' dir='ltr'><strong>ed.</strong></span> <span class='ocrx_word' id='word_1_244' title='bbox 759 2562 844 2634; x_wconf 81' lang='lat' dir='ltr'>XX,</span> <span class='ocrx_word' id='word_1_245' title='bbox 869 2562 992 2619; x_wconf 90' lang='lat' dir='ltr'><strong>minime</strong></span> <span class='ocrx_word' id='word_1_246' title='bbox 1015 2562 1047 2620; x_wconf 93' lang='lat' dir='ltr'><strong>in</strong></span> <span class='ocrx_word' id='word_1_247' title='bbox 1071 2560 1118 2620; x_wconf 91' lang='lat' dir='ltr'><strong>ed.</strong></span> <span class='ocrx_word' id='word_1_248' title='bbox 1134 2561 1239 2636; x_wconf 87' lang='lat' dir='ltr'>XXI.;</span> <span class='ocrx_word' id='word_1_249' title='bbox 1267 2582 1309 2622; x_wconf 90' lang='lat' dir='ltr'><strong>cc.</strong></span> <span class='ocrx_word' id='word_1_250' title='bbox 1325 2563 1448 2624; x_wconf 91' lang='lat' dir='ltr'>XXIII.</span> <span class='ocrx_word' id='word_1_251' title='bbox 1472 2574 1506 2624; x_wconf 92' lang='lat' dir='ltr'><strong>et</strong></span> 
     </span>
     <span class='ocr_line' id='line_1_23' title="bbox 23 2648 1504 2751; baseline 0.001 -26"><span class='ocrx_word' id='word_1_252' title='bbox 23 2648 34 2735; x_wconf 50' lang='lat' dir='ltr'><em>J</em></span> <span class='ocrx_word' id='word_1_253' title='bbox 146 2664 283 2751; x_wconf 88' lang='lat' dir='ltr'>XXVII.</span> <span class='ocrx_word' id='word_1_254' title='bbox 299 2666 356 2726; x_wconf 90' lang='lat' dir='ltr'><strong>hac</strong></span> <span class='ocrx_word' id='word_1_255' title='bbox 376 2668 407 2725; x_wconf 92' lang='lat' dir='ltr'><strong>in</strong></span> <span class='ocrx_word' id='word_1_256' title='bbox 428 2668 609 2726; x_wconf 88' lang='lat' dir='ltr'><strong>remedium</strong></span> <span class='ocrx_word' id='word_1_257' title='bbox 625 2675 730 2727; x_wconf 87' lang='lat' dir='ltr'><strong>tenent</strong></span> <span class='ocrx_word' id='word_1_258' title='bbox 744 2666 852 2726; x_wconf 89' lang='lat' dir='ltr'><strong>locum.</strong></span> <span class='ocrx_word' id='word_1_259' title='bbox 876 2664 990 2725; x_wconf 87' lang='lat' dir='ltr'><strong>habent</strong></span> <span class='ocrx_word' id='word_1_260' title='bbox 1005 2664 1128 2744; x_wconf 89' lang='lat' dir='ltr'><strong>quidem</strong></span> <span class='ocrx_word' id='word_1_261' title='bbox 1144 2666 1272 2745; x_wconf 90' lang='lat' dir='ltr'><strong>spondei</strong></span> <span class='ocrx_word' id='word_1_262' title='bbox 1288 2687 1358 2751; x_wconf 12' lang='lat' dir='ltr'><strong>cum*</strong></span> <span class='ocrx_word' id='word_1_263' title='bbox 1372 2668 1504 2748; x_wconf 82' lang='lat' dir='ltr'><strong>dactylis</strong></span> 
     </span>
    </p>
   </div>
   <div class='ocr_carea' id='block_1_8' title="bbox 45 2802 1306 3200">
    <p class='ocr_par' dir='ltr' id='par_1_8' title="bbox 280 2802 1306 2886">
     <span class='ocr_line' id='line_1_24' title="bbox 280 2802 1306 2886; baseline 0.001 -22"><span class='ocrx_word' id='word_1_264' title='bbox 280 2868 281 2871; x_wconf 49' lang='lat'><strong>,</strong></span> <span class='ocrx_word' id='word_1_265' title='bbox 326 2819 329 2824; x_wconf 85' lang='grc'><strong><em>·</em></strong></span> <span class='ocrx_word' id='word_1_266' title='bbox 374 2805 405 2864; x_wconf 93' lang='lat' dir='ltr'><strong>in</strong></span> <span class='ocrx_word' id='word_1_267' title='bbox 429 2827 454 2865; x_wconf 94' lang='lat' dir='ltr'><strong>c.</strong></span> <span class='ocrx_word' id='word_1_268' title='bbox 529 2806 602 2865; x_wconf 92' lang='lat' dir='ltr'><strong>XX.</strong></span> <span class='ocrx_word' id='word_1_269' title='bbox 626 2804 754 2886; x_wconf 86' lang='lat' dir='ltr'><strong>eandem</strong></span> <span class='ocrx_word' id='word_1_270' title='bbox 776 2807 933 2879; x_wconf 90' lang='lat' dir='ltr'><strong>rationem,</strong></span> <span class='ocrx_word' id='word_1_271' title='bbox 958 2825 1048 2884; x_wconf 87' lang='lat' dir='ltr'><strong>quam</strong></span> <span class='ocrx_word' id='word_1_272' title='bbox 1074 2811 1091 2866; x_wconf 95' lang='lat'>1</span> <span class='ocrx_word' id='word_1_273' title='bbox 1116 2825 1183 2864; x_wconf 94' lang='lat' dir='ltr'><strong>cum</strong></span> <span class='ocrx_word' id='word_1_274' title='bbox 1207 2808 1270 2878; x_wconf 85' lang='grc'>4·6,</span> <span class='ocrx_word' id='word_1_275' title='bbox 1303 2802 1306 2807; x_wconf 67' lang='grc'><strong>’</strong></span> 
     </span>
    </p>

    <p class='ocr_par' dir='ltr' id='par_1_9' title="bbox 284 2910 1270 2993">
     <span class='ocr_line' id='line_1_25' title="bbox 284 2910 1270 2993; baseline -0.001 -23"><span class='ocrx_word' id='word_1_276' title='bbox 284 2974 285 2979; x_wconf 8' lang='grc' dir='ltr'>χ</span> <span class='ocrx_word' id='word_1_277' title='bbox 367 2922 393 2993; x_wconf 83' lang='lat'><strong>&#39;„</strong></span> <span class='ocrx_word' id='word_1_278' title='bbox 427 2931 452 2970; x_wconf 88' lang='lat' dir='ltr'><strong>c.</strong></span> <span class='ocrx_word' id='word_1_279' title='bbox 508 2910 598 2969; x_wconf 90' lang='lat' dir='ltr'>XXI.</span> <span class='ocrx_word' id='word_1_280' title='bbox 684 2956 699 2993; x_wconf 60' lang='grc' dir='ltr'><em>η</em></span> <span class='ocrx_word' id='word_1_281' title='bbox 844 2955 859 2992; x_wconf 78' lang='lat'>„</span> <span class='ocrx_word' id='word_1_282' title='bbox 997 2956 1012 2992; x_wconf 84' lang='lat'>„</span> <span class='ocrx_word' id='word_1_283' title='bbox 1072 2914 1089 2969; x_wconf 95' lang='grc'><strong>1</strong></span> <span class='ocrx_word' id='word_1_284' title='bbox 1144 2953 1157 2981; x_wconf 83' lang='grc'><strong>,,</strong></span> <span class='ocrx_word' id='word_1_285' title='bbox 1206 2912 1270 2982; x_wconf 79' lang='grc'><strong>2-6,</strong></span> 
     </span>
    </p>

    <p class='ocr_par' dir='ltr' id='par_1_10' title="bbox 45 3014 1272 3200">
     <span class='ocr_line' id='line_1_26' title="bbox 45 3014 1272 3096; baseline -0.002 -23"><span class='ocrx_word' id='word_1_286' title='bbox 45 3056 49 3063; x_wconf 89' lang='grc'><strong>-</strong></span> <span class='ocrx_word' id='word_1_287' title='bbox 141 3062 210 3091; x_wconf 29' lang='lat'><strong>,1</strong></span> <span class='ocrx_word' id='word_1_288' title='bbox 377 3014 599 3095; x_wconf 81' lang='lat' dir='ltr'><strong>,c.xx111.</strong></span> <span class='ocrx_word' id='word_1_289' title='bbox 683 3060 698 3096; x_wconf 60' lang='grc' dir='ltr'><em>η</em></span> <span class='ocrx_word' id='word_1_290' title='bbox 844 3060 859 3095; x_wconf 85' lang='lat'>„</span> <span class='ocrx_word' id='word_1_291' title='bbox 999 3015 1272 3095; x_wconf 82' lang='lat'><strong>„1,3·3,</strong></span> 
     </span>
     <span class='ocr_line' id='line_1_27' title="bbox 300 3117 1271 3200; baseline -0.003 -22"><span class='ocrx_word' id='word_1_292' title='bbox 300 3134 303 3137; x_wconf 86' lang='grc'><em>·</em></span> <span class='ocrx_word' id='word_1_293' title='bbox 378 3117 601 3200; x_wconf 78' lang='lat' dir='ltr'>„cXXVII</span> <span class='ocrx_word' id='word_1_294' title='bbox 686 3164 702 3199; x_wconf 83' lang='lat'>„</span> <span class='ocrx_word' id='word_1_295' title='bbox 848 3163 863 3195; x_wconf 88' lang='lat'>„</span> <span class='ocrx_word' id='word_1_296' title='bbox 964 3138 1014 3195; x_wconf 85' lang='lat'><strong>·,‚</strong></span> <span class='ocrx_word' id='word_1_297' title='bbox 1075 3121 1091 3174; x_wconf 96' lang='lat'>1</span> <span class='ocrx_word' id='word_1_298' title='bbox 1144 3162 1160 3197; x_wconf 56' lang='grc' dir='ltr'><strong><em>ῃ</em></strong></span> <span class='ocrx_word' id='word_1_299' title='bbox 1209 3119 1271 3177; x_wconf 79' lang='lat'><strong>3·2.</strong></span> 
     </span>
    </p>
   </div>
   <div class='ocr_carea' id='block_1_9' title="bbox 802 3286 847 3349">
    <p class='ocr_par' dir='ltr' id='par_1_11' title="bbox 802 3286 847 3349">
     <span class='ocr_line' id='line_1_28' title="bbox 802 3286 847 3349; baseline 0 0"><span class='ocrx_word' id='word_1_300' title='bbox 802 3286 847 3349; x_wconf 91' lang='lat' dir='ltr'><strong>II.</strong></span> 
     </span>
    </p>
   </div>
   <div class='ocr_carea' id='block_1_10' title="bbox 251 3409 1505 3491">
    <p class='ocr_par' dir='ltr' id='par_1_12' title="bbox 251 3409 1505 3491">
     <span class='ocr_line' id='line_1_29' title="bbox 251 3409 1505 3491; baseline 0.002 -20"><span class='ocrx_word' id='word_1_301' title='bbox 251 3410 326 3471; x_wconf 75' lang='lat' dir='ltr'><strong>(lum</strong></span> <span class='ocrx_word' id='word_1_302' title='bbox 350 3413 463 3486; x_wconf 86' lang='lat' dir='ltr'><strong>exeis,</strong></span> <span class='ocrx_word' id='word_1_303' title='bbox 494 3431 573 3491; x_wconf 88' lang='lat' dir='ltr'><strong>quae</strong></span> <span class='ocrx_word' id='word_1_304' title='bbox 600 3411 802 3489; x_wconf 84' lang='lat' dir='ltr'><strong>exposuimus,</strong></span> <span class='ocrx_word' id='word_1_305' title='bbox 826 3410 980 3484; x_wconf 91' lang='lat' dir='ltr'><strong>iudicium,</strong></span> <span class='ocrx_word' id='word_1_306' title='bbox 1014 3409 1096 3489; x_wconf 90' lang='lat' dir='ltr'><strong>quod</strong></span> <span class='ocrx_word' id='word_1_307' title='bbox 1128 3410 1295 3471; x_wconf 88' lang='lat' dir='ltr'><strong>declaravit</strong></span> <span class='ocrx_word' id='word_1_308' title='bbox 1322 3413 1505 3475; x_wconf 82' lang='lat' dir='ltr'><strong>Theocritus</strong></span> 
     </span>
    </p>
   </div>
   <div class='ocr_carea' id='block_1_11' title="bbox 113 3514 1505 3701">
    <p class='ocr_par' dir='ltr' id='par_1_13' title="bbox 14 3494 1505 3701">
     <span class='ocr_line' id='line_1_30' title="bbox 113 3514 1501 3595; baseline 0.004 -23.619"><span class='ocrx_word' id='word_1_309' title='bbox 113 3573 116 3579; x_wconf 82' lang='grc'><strong>,</strong></span> <span class='ocrx_word' id='word_1_310' title='bbox 146 3516 179 3574; x_wconf 90' lang='lat' dir='ltr'><strong>in</strong></span> <span class='ocrx_word' id='word_1_311' title='bbox 202 3515 350 3594; x_wconf 85' lang='lat' dir='ltr'><strong>eligendis</strong></span> <span class='ocrx_word' id='word_1_312' title='bbox 373 3514 613 3595; x_wconf 89' lang='lat' dir='ltr'><strong>adhibendisque</strong></span> <span class='ocrx_word' id='word_1_313' title='bbox 635 3515 727 3574; x_wconf 90' lang='lat' dir='ltr'><strong>variis</strong></span> <span class='ocrx_word' id='word_1_314' title='bbox 753 3514 922 3575; x_wconf 87' lang='lat' dir='ltr'><strong>hexametri</strong></span> <span class='ocrx_word' id='word_1_315' title='bbox 945 3515 1059 3587; x_wconf 86' lang='lat' dir='ltr'><strong>formis,</strong></span> <span class='ocrx_word' id='word_1_316' title='bbox 1090 3516 1229 3593; x_wconf 85' lang='lat' dir='ltr'><strong>cognosci</strong></span> <span class='ocrx_word' id='word_1_317' title='bbox 1251 3516 1357 3594; x_wconf 89' lang='lat' dir='ltr'><strong>possit,</strong></span> <span class='ocrx_word' id='word_1_318' title='bbox 1387 3519 1501 3577; x_wconf 87' lang='lat' dir='ltr'><strong>iamin</strong></span> 
     </span>
     <span class='ocr_line' id='line_1_31' title="bbox 114 3619 1505 3701; baseline 0.003 -24.665"><span class='ocrx_word' id='word_1_319' title='bbox 114 3678 116 3683; x_wconf 85' lang='grc'>,</span> <span class='ocrx_word' id='word_1_320' title='bbox 148 3639 183 3693; x_wconf 90' lang='lat' dir='ltr'><strong>eo</strong></span> <span class='ocrx_word' id='word_1_321' title='bbox 218 3633 273 3701; x_wconf 83' lang='lat' dir='ltr'><strong>est,</strong></span> <span class='ocrx_word' id='word_1_322' title='bbox 307 3631 349 3694; x_wconf 88' lang='lat' dir='ltr'><strong>ut,</strong></span> <span class='ocrx_word' id='word_1_323' title='bbox 383 3621 443 3699; x_wconf 92' lang='lat' dir='ltr'><strong>qui</strong></span> <span class='ocrx_word' id='word_1_324' title='bbox 475 3620 510 3679; x_wconf 89' lang='lat' dir='ltr'><strong>in</strong></span> <span class='ocrx_word' id='word_1_325' title='bbox 544 3619 702 3697; x_wconf 87' lang='lat' dir='ltr'><strong>singulis</strong></span> <span class='ocrx_word' id='word_1_326' title='bbox 729 3639 856 3679; x_wconf 87' lang='lat' dir='ltr'><strong>versus</strong></span> <span class='ocrx_word' id='word_1_327' title='bbox 888 3619 1036 3680; x_wconf 92' lang='lat' dir='ltr'><strong>sedibus</strong></span> <span class='ocrx_word' id='word_1_328' title='bbox 1069 3639 1156 3679; x_wconf 91' lang='lat' dir='ltr'><strong>usus</strong></span> <span class='ocrx_word' id='word_1_329' title='bbox 1184 3620 1427 3698; x_wconf 90' lang='lat' dir='ltr'><strong>spondeorum</strong></span> <span class='ocrx_word' id='word_1_330' title='bbox 1454 3624 1505 3681; x_wconf 89' lang='lat' dir='ltr'><strong>sit</strong></span> 
     </span>
    </p>
   </div>
   <div class='ocr_carea' id='block_1_12' title="bbox 14 3724 1506 4224">
    <p class='ocr_par' dir='ltr' id='par_1_14' title="bbox 14 3724 1506 4224">
     <span class='ocr_line' id='line_1_32' title="bbox 21 3724 1503 3805; baseline 0.001 -22"><span class='ocrx_word' id='word_1_331' title='bbox 21 3800 23 3805; x_wconf 14' lang='grc' dir='ltr'><strong><em>Α</em></strong></span> <span class='ocrx_word' id='word_1_332' title='bbox 147 3727 326 3804; x_wconf 89' lang='lat' dir='ltr'><strong>proprius,</strong></span> <span class='ocrx_word' id='word_1_333' title='bbox 360 3745 420 3803; x_wconf 92' lang='lat' dir='ltr'><strong>quo</strong></span> <span class='ocrx_word' id='word_1_334' title='bbox 448 3724 536 3784; x_wconf 90' lang='lat' dir='ltr'><strong>modo</strong></span> <span class='ocrx_word' id='word_1_335' title='bbox 564 3725 636 3783; x_wconf 86' lang='lat' dir='ltr'><strong>illae</strong></span> <span class='ocrx_word' id='word_1_336' title='bbox 660 3724 771 3782; x_wconf 88' lang='lat' dir='ltr'><strong>bacin</strong></span> <span class='ocrx_word' id='word_1_337' title='bbox 794 3744 827 3783; x_wconf 92' lang='lat' dir='ltr'><strong>re</strong></span> <span class='ocrx_word' id='word_1_338' title='bbox 849 3725 929 3783; x_wconf 89' lang='lat' dir='ltr'><strong>inter</strong></span> <span class='ocrx_word' id='word_1_339' title='bbox 950 3744 984 3784; x_wconf 89' lang='lat' dir='ltr'><strong>se</strong></span> <span class='ocrx_word' id='word_1_340' title='bbox 1006 3724 1156 3798; x_wconf 87' lang='lat' dir='ltr'><strong>differant,</strong></span> <span class='ocrx_word' id='word_1_341' title='bbox 1187 3726 1357 3785; x_wconf 87' lang='lat' dir='ltr'><strong>accuratius</strong></span> <span class='ocrx_word' id='word_1_342' title='bbox 1380 3726 1503 3787; x_wconf 88' lang='lat' dir='ltr'><strong>demon·</strong></span> 
     </span>
     <span class='ocr_line' id='line_1_33' title="bbox 14 3828 1506 3921; baseline 0.002 -34"><span class='ocrx_word' id='word_1_343' title='bbox 14 3832 56 3921; x_wconf 38' lang='grc' dir='ltr'><strong>ι*</strong></span> <span class='ocrx_word' id='word_1_344' title='bbox 100 3908 101 3911; x_wconf 8' lang='lat'>¹</span> <span class='ocrx_word' id='word_1_345' title='bbox 147 3836 285 3890; x_wconf 88' lang='lat' dir='ltr'><strong>stremus.</strong></span> <span class='ocrx_word' id='word_1_346' title='bbox 318 3838 436 3889; x_wconf 90' lang='lat' dir='ltr'><strong>constat</strong></span> <span class='ocrx_word' id='word_1_347' title='bbox 468 3828 548 3889; x_wconf 90' lang='lat' dir='ltr'><strong>enim</strong></span> <span class='ocrx_word' id='word_1_348' title='bbox 575 3830 636 3887; x_wconf 87' lang='lat' dir='ltr'><strong>iam</strong></span> <span class='ocrx_word' id='word_1_349' title='bbox 657 3830 690 3887; x_wconf 91' lang='lat' dir='ltr'><strong>in</strong></span> <span class='ocrx_word' id='word_1_350' title='bbox 713 3828 840 3887; x_wconf 88' lang='lat' dir='ltr'><strong>Homeri</strong></span> <span class='ocrx_word' id='word_1_351' title='bbox 864 3829 1048 3889; x_wconf 88' lang='lat' dir='ltr'><strong>carminibus</strong></span> <span class='ocrx_word' id='word_1_352' title='bbox 1071 3850 1110 3889; x_wconf 93' lang='lat' dir='ltr'><strong>ne</strong></span> <span class='ocrx_word' id='word_1_353' title='bbox 1130 3830 1166 3888; x_wconf 91' lang='lat' dir='ltr'><strong>in</strong></span> <span class='ocrx_word' id='word_1_354' title='bbox 1189 3837 1332 3908; x_wconf 88' lang='lat' dir='ltr'><strong>quattuor</strong></span> <span class='ocrx_word' id='word_1_355' title='bbox 1353 3828 1506 3909; x_wconf 86' lang='lat' dir='ltr'><strong>prioribus</strong></span> 
     </span>
     <span class='ocr_line' id='line_1_34' title="bbox 22 3924 1504 4014; baseline 0.001 -21"><span class='ocrx_word' id='word_1_356' title='bbox 22 3924 25 3931; x_wconf 66' lang='grc'><strong><em>’</em></strong></span> <span class='ocrx_word' id='word_1_357' title='bbox 147 3931 269 4013; x_wconf 89' lang='lat' dir='ltr'><strong>quidem</strong></span> <span class='ocrx_word' id='word_1_358' title='bbox 283 3932 451 3995; x_wconf 84' lang='lat' dir='ltr'><strong>hexametri</strong></span> <span class='ocrx_word' id='word_1_359' title='bbox 466 3932 602 4013; x_wconf 88' lang='lat' dir='ltr'><strong>pedibus,</strong></span> <span class='ocrx_word' id='word_1_360' title='bbox 627 3942 660 3991; x_wconf 90' lang='lat' dir='ltr'><strong>ut</strong></span> <span class='ocrx_word' id='word_1_361' title='bbox 676 3932 848 3992; x_wconf 90' lang='lat' dir='ltr'><strong>omittamus</strong></span> <span class='ocrx_word' id='word_1_362' title='bbox 863 3933 966 3993; x_wconf 85' lang='lat' dir='ltr'><strong>sedem</strong></span> <span class='ocrx_word' id='word_1_363' title='bbox 983 3935 1130 4014; x_wconf 87' lang='lat' dir='ltr'><strong>quintam,</strong></span> <span class='ocrx_word' id='word_1_364' title='bbox 1152 3953 1257 4012; x_wconf 87' lang='lat' dir='ltr'><strong>parem</strong></span> <span class='ocrx_word' id='word_1_365' title='bbox 1274 3952 1340 3993; x_wconf 89' lang='lat' dir='ltr'><strong>esse</strong></span> <span class='ocrx_word' id='word_1_366' title='bbox 1355 3935 1504 4014; x_wconf 90' lang='lat' dir='ltr'><strong>spondeo-</strong></span> 
     </span>
     <span class='ocr_line' id='line_1_35' title="bbox 20 4036 1505 4119; baseline 0 -22"><span class='ocrx_word' id='word_1_367' title='bbox 20 4108 27 4119; x_wconf 24' lang='lat'><em>?</em></span> <span class='ocrx_word' id='word_1_368' title='bbox 146 4056 213 4097; x_wconf 87' lang='lat' dir='ltr'><strong>rum</strong></span> <span class='ocrx_word' id='word_1_369' title='bbox 232 4040 460 4119; x_wconf 61' lang='lat' dir='ltr'><strong>‘frequentiam</strong></span> <span class='ocrx_word' id='word_1_370' title='bbox 493 4038 585 4117; x_wconf 87' lang='lat' dir='ltr'><strong>longe</strong></span> <span class='ocrx_word' id='word_1_371' title='bbox 616 4036 740 4116; x_wconf 89' lang='lat' dir='ltr'><strong>plurimi</strong></span> <span class='ocrx_word' id='word_1_372' title='bbox 772 4036 895 4116; x_wconf 88' lang='lat' dir='ltr'><strong>quidem</strong></span> <span class='ocrx_word' id='word_1_373' title='bbox 921 4039 1113 4118; x_wconf 87' lang='lat' dir='ltr'><strong>reperiuntur</strong></span> <span class='ocrx_word' id='word_1_374' title='bbox 1141 4038 1172 4095; x_wconf 91' lang='lat' dir='ltr'><strong>in</strong></span> <span class='ocrx_word' id='word_1_375' title='bbox 1200 4036 1322 4097; x_wconf 89' lang='lat' dir='ltr'><strong>sedibus</strong></span> <span class='ocrx_word' id='word_1_376' title='bbox 1348 4039 1448 4117; x_wconf 90' lang='lat' dir='ltr'><strong>prima</strong></span> <span class='ocrx_word' id='word_1_377' title='bbox 1475 4049 1505 4099; x_wconf 93' lang='lat' dir='ltr'><strong>et</strong></span> 
     </span>
     <span class='ocr_line' id='line_1_36' title="bbox 108 4141 1506 4224; baseline 0.001 -22.875"><span class='ocrx_word' id='word_1_378' title='bbox 108 4160 109 4163; x_wconf 71' lang='grc'>’</span> <span class='ocrx_word' id='word_1_379' title='bbox 147 4142 251 4215; x_wconf 89' lang='lat' dir='ltr'><strong>altera,</strong></span> <span class='ocrx_word' id='word_1_380' title='bbox 276 4144 370 4203; x_wconf 86' lang='lat' dir='ltr'><strong>multo</strong></span> <span class='ocrx_word' id='word_1_381' title='bbox 393 4142 550 4224; x_wconf 86' lang='lat' dir='ltr'><strong>pauciores</strong></span> <span class='ocrx_word' id='word_1_382' title='bbox 572 4142 604 4200; x_wconf 92' lang='lat' dir='ltr'><strong>in</strong></span> <span class='ocrx_word' id='word_1_383' title='bbox 627 4141 707 4221; x_wconf 92' lang='lat' dir='ltr'><strong>pede</strong></span> <span class='ocrx_word' id='word_1_384' title='bbox 729 4141 818 4200; x_wconf 87' lang='lat' dir='ltr'><strong>tertio</strong></span> <span class='ocrx_word' id='word_1_385' title='bbox 843 4151 874 4200; x_wconf 88' lang='lat' dir='ltr'><strong>et</strong></span> <span class='ocrx_word' id='word_1_386' title='bbox 889 4152 1006 4220; x_wconf 91' lang='lat' dir='ltr'><strong>quarto.</strong></span> <span class='ocrx_word' id='word_1_387' title='bbox 1031 4163 1091 4222; x_wconf 86' lang='lat' dir='ltr'><strong>qua</strong></span> <span class='ocrx_word' id='word_1_388' title='bbox 1106 4143 1187 4202; x_wconf 88' lang='lat' dir='ltr'><strong>inre</strong></span> <span class='ocrx_word' id='word_1_389' title='bbox 1203 4143 1294 4202; x_wconf 90' lang='lat' dir='ltr'><strong>etiam</strong></span> <span class='ocrx_word' id='word_1_390' title='bbox 1311 4142 1349 4201; x_wconf 90' lang='lat' dir='ltr'><strong>ab</strong></span> <span class='ocrx_word' id='word_1_391' title='bbox 1366 4142 1506 4203; x_wconf 92' lang='lat' dir='ltr'><strong>omnibus</strong></span> 
     </span>
    </p>
   </div>
   <div class='ocr_carea' id='block_1_13' title="bbox 15 4245 1507 4433">
    <p class='ocr_par' dir='ltr' id='par_1_15' title="bbox 15 4245 1507 4433">
     <span class='ocr_line' id='line_1_37' title="bbox 15 4245 1507 4327; baseline 0.001 -21"><span class='ocrx_word' id='word_1_392' title='bbox 15 4280 19 4323; x_wconf 63' lang='lat'><strong>,¹</strong></span> <span class='ocrx_word' id='word_1_393' title='bbox 114 4290 118 4297; x_wconf 86' lang='lat'><em>-</em></span> <span class='ocrx_word' id='word_1_394' title='bbox 147 4250 323 4309; x_wconf 85' lang='lat' dir='ltr'><strong>inferiorum</strong></span> <span class='ocrx_word' id='word_1_395' title='bbox 344 4260 511 4327; x_wconf 88' lang='lat' dir='ltr'><strong>temporum</strong></span> <span class='ocrx_word' id='word_1_396' title='bbox 527 4248 628 4326; x_wconf 91' lang='lat' dir='ltr'><strong>poetis</strong></span> <span class='ocrx_word' id='word_1_397' title='bbox 645 4245 771 4305; x_wconf 88' lang='lat' dir='ltr'><strong>Graecis</strong></span> <span class='ocrx_word' id='word_1_398' title='bbox 786 4246 818 4305; x_wconf 91' lang='lat' dir='ltr'><strong>iu</strong></span> <span class='ocrx_word' id='word_1_399' title='bbox 835 4247 1009 4305; x_wconf 86' lang='lat' dir='ltr'><strong>universum</strong></span> <span class='ocrx_word' id='word_1_400' title='bbox 1026 4247 1152 4306; x_wconf 90' lang='lat' dir='ltr'><strong>Homeri</strong></span> <span class='ocrx_word' id='word_1_401' title='bbox 1167 4267 1271 4326; x_wconf 88' lang='lat' dir='ltr'><strong>pressa</strong></span> <span class='ocrx_word' id='word_1_402' title='bbox 1287 4266 1352 4306; x_wconf 90' lang='lat' dir='ltr'><strong>cssc</strong></span> <span class='ocrx_word' id='word_1_403' title='bbox 1368 4247 1507 4307; x_wconf 90' lang='lat' dir='ltr'><strong>videmus</strong></span> 
     </span>
     <span class='ocr_line' id='line_1_38' title="bbox 15 4348 1507 4433; baseline 0.003 -26"><span class='ocrx_word' id='word_1_404' title='bbox 15 4348 26 4419; x_wconf 66' lang='grc' dir='ltr'><strong>ἶ·</strong></span> <span class='ocrx_word' id='word_1_405' title='bbox 114 4428 119 4433; x_wconf 93' lang='lat'>.</span> <span class='ocrx_word' id='word_1_406' title='bbox 148 4353 287 4432; x_wconf 81' lang='lat' dir='ltr'><strong>uestigia.</strong></span> <span class='ocrx_word' id='word_1_407' title='bbox 312 4374 346 4411; x_wconf 89' lang='lat' dir='ltr'><strong>ac</strong></span> <span class='ocrx_word' id='word_1_408' title='bbox 369 4352 551 4414; x_wconf 85' lang='lat' dir='ltr'><strong>Theocritus</strong></span> <span class='ocrx_word' id='word_1_409' title='bbox 575 4372 665 4432; x_wconf 89' lang='lat' dir='ltr'><strong>quam</strong></span> <span class='ocrx_word' id='word_1_410' title='bbox 693 4351 725 4410; x_wconf 96' lang='lat' dir='ltr'><strong>in</strong></span> <span class='ocrx_word' id='word_1_411' title='bbox 749 4350 890 4429; x_wconf 86' lang='lat' dir='ltr'><strong>spondeis</strong></span> <span class='ocrx_word' id='word_1_412' title='bbox 913 4352 992 4410; x_wconf 88' lang='lat' dir='ltr'><strong>inter</strong></span> <span class='ocrx_word' id='word_1_413' title='bbox 1014 4352 1149 4430; x_wconf 84' lang='lat' dir='ltr'><strong>singulas</strong></span> <span class='ocrx_word' id='word_1_414' title='bbox 1171 4371 1275 4411; x_wconf 87' lang='lat' dir='ltr'><strong>versus</strong></span> <span class='ocrx_word' id='word_1_415' title='bbox 1298 4350 1386 4412; x_wconf 90' lang='lat' dir='ltr'><strong>sedes</strong></span> <span class='ocrx_word' id='word_1_416' title='bbox 1409 4352 1507 4411; x_wconf 87' lang='lat' dir='ltr'><strong>distri·</strong></span> 
     </span>
    </p>
   </div>
   <div class='ocr_carea' id='block_1_14' title="bbox 42 4440 1221 4535">
    <p class='ocr_par' dir='ltr' id='par_1_16' title="bbox 15 4440 1221 4535">
     <span class='ocr_line' id='line_1_39' title="bbox 42 4440 1221 4535; baseline -0.007 -12.201"><span class='ocrx_word' id='word_1_417' title='bbox 15 4440 67 4523; x_wconf 61' lang='lat' dir='ltr'><strong>l&#39;</strong></span> <span class='ocrx_word' id='word_1_418' title='bbox 147 4444 276 4519; x_wconf 71' lang='lat' dir='ltr'><strong>bubndis</strong></span> <span class='ocrx_word' id='word_1_419' title='bbox 300 4468 418 4519; x_wconf 86' lang='lat' dir='ltr'><strong>secutus</strong></span> <span class='ocrx_word' id='word_1_420' title='bbox 441 4460 481 4519; x_wconf 90' lang='lat' dir='ltr'><strong>sit</strong></span> <span class='ocrx_word' id='word_1_421' title='bbox 503 4458 661 4532; x_wconf 86' lang='lat' dir='ltr'><strong>rationem,</strong></span> <span class='ocrx_word' id='word_1_422' title='bbox 687 4469 724 4515; x_wconf 88' lang='lat' dir='ltr'><strong>ex</strong></span> <span class='ocrx_word' id='word_1_423' title='bbox 747 4456 806 4515; x_wconf 90' lang='lat' dir='ltr'><strong>hac</strong></span> <span class='ocrx_word' id='word_1_424' title='bbox 829 4456 960 4535; x_wconf 87' lang='lat' dir='ltr'><strong>perspici</strong></span> <span class='ocrx_word' id='word_1_425' title='bbox 982 4465 1082 4535; x_wconf 87' lang='lat' dir='ltr'><strong>potest</strong></span> <span class='ocrx_word' id='word_1_426' title='bbox 1104 4455 1221 4515; x_wconf 89' lang='lat' dir='ltr'><strong>tabula:</strong></span> 
     </span>
    </p>
   </div>
   <div class='ocr_carea' id='block_1_15' title="bbox 0 0 1658 5059">
    <p class='ocr_par' dir='ltr' id='par_1_17' title="bbox 0 0 1658 5059">
     <span class='ocr_line' id='line_1_40' title="bbox 0 0 1658 5059; baseline 0 0"><span class='ocrx_word' id='word_1_427' title='bbox 0 0 1658 5059; x_wconf 95' lang='lat' dir='ltr'><strong> </strong></span> 
     </span>
    </p>
   </div>
  </div>
 </body>
</html>
