3300 5059
181 258 245 317 284

180 457 279 536 inquit
302 454 389 516 ‘illud
411 477 532 517 carmen
560 458 592 535 (i.
618 477 644 518 e.
678 453 829 539 Sibyllae)
862 456 989 518 furentis
1024 477 1090 517 cum
1122 457 1220 536 ipsum
1243 473 1352 533 poema
1385 452 1528 527 declarat,
1588 497 1592 501 -

180 573 243 624 tum
265 582 337 623 vero
361 584 397 623 ea
421 584 499 645 quae
521 564 704 649 ἀκροστιχίς
719 563 836 638 dicitur,
861 584 928 624 cum
956 563 1097 643 deinceps
1121 564 1278 643 exprimis
1294 562 1527 627 versuumlitte-
1634 546 1635 615 ἕ

181 670 223 730 ris
256 668 370 750 aliquid
404 672 576 745 conectitur,
608 680 642 730 nt
672 672 704 730 in
736 668 915 749 quibusdam
947 668 1109 729 Ennianis:
1145 667 1193 743 ‘Q
1227 669 1342 729 linuius
1374 668 1465 731 fecit!
1500 667 1529 726 id
1634 648 1635 651 ¹

183 783 264 834 certe
286 776 382 854 magis
406 784 452 837 eet
474 778 582 837 attenti
605 778 697 837 animi
720 798 808 857 quam
832 773 981 837 furentis'

287 880 348 940 Sed
372 881 447 941 baec
469 879 627 944 hactenus.
651 889 743 962 atque
764 890 798 942 ut
829 882 873 941 rei
900 901 1048 941 summam
1070 880 1175 959 paucis
1198 878 1393 959 complectar:
1419 878 1477 939 fuit
1498 878 1531 938 in

182 983 331 1047 Cicerone
354 1008 465 1066 magna
488 987 581 1050 Ennii
603 986 770 1061 admiratio,
794 988 853 1046 fuit
875 985 1008 1046 studium
1031 984 1194 1064 singulare,
1221 984 1301 1064 quod
1330 982 1477 1063 impendit
1497 984 1529 1042 in

182 1092 316 1150 carmina
338 1092 401 1151 eius
424 1092 637 1171 pernoscenda
676 1093 786 1151 etenim
811 1100 863 1152 aut
885 1090 979 1151 Ennii
1002 1091 1096 1171 ipsius
1116 1098 1169 1149 eut
1192 1090 1358 1149 carminum
1378 1089 1441 1149 eins
1456 1089 1530 1148 locis

181 1196 245 1253 fere
261 1194 342 1255 CLV
357 1197 428 1257 lacit
442 1199 634 1271 mentionem,
658 1217 696 1256 ex
719 1196 901 1257 carminibus
919 1205 1017 1255 autem
1034 1215 1139 1255 versus
1150 1192 1395 1253 OOXXXVIIII
1407 1190 1462 1277 (1-
1473 1202 1530 1253 'vv.

181 1298 369 1384 XXXVII),
399 1300 488 1383 [Anu.
505 1323 555 1363 vv.
573 1302 730 1362 LXXXII
752 1298 807 1384 (1-
831 1324 881 1360 vv.
900 1301 957 1377 II),
981 1310 1056 1378 trag.
1080 1322 1130 1361 vv.
1147 1297 1381 1360 OXXXXVIII
1404 1299 1456 1376 (-Ι-
1480 1318 1531 1359 vv.

182 1403 353 1490 XXXVI),
369 1406 468 1467 Satur.
485 1429 536 1467 vv.
553 1407 630 1479 IIII,
646 1408 752 1487 Epigr.
769 1427 819 1466 vv.
836 1406 876 1487 V]
900 1407 1019 1485 scriptis
1042 1406 1102 1465 suis
1118 1406 1256 1465 intexuit.
1279 1413 1309 1464 et
1327 1404 1467 1481 quoniam
1482 1403 1533 1463 hic

183 1512 345 1591 praecipue
360 1522 452 1592 poeta
471 1514 542 1590 tuit,
564 1513 594 1571 in
619 1526 679 1593 quo
691 1512 795 1572 Cicero
812 1532 927 1572 summa
943 1533 1011 1571 cum
1027 1510 1225 1571 delectatione
1237 1518 1407 1569 versaretur
1422 1510 1533 1588 cuique

184 1623 280 1675 totum
297 1636 330 1675 ee
346 1615 485 1692 dedisset,
509 1618 584 1677 nihil
601 1616 782 1692 mirabimur,
800 1617 879 1699 quod
897 1616 1002 1676 Cicero
1019 1615 1191 1695 saepissime
1208 1614 1297 1674 nimis
1312 1614 1413 1693 largas
1430 1614 1532 1673 Ennio

182 1720 288 1780 laudes
317 1720 431 1796 tribuit,
468 1742 546 1803 quae
569 1742 714 1782 summam
738 1721 868 1803 produnt
891 1723 955 1782 eius
978 1719 1220 1780 admirationem:
1257 1718 1353 1778 veluti
1376 1739 1430 1797 pro
1453 1719 1532 1780 Mur.

187 1826 236 1897 14,
261 1828 303 1886 30
327 1826 364 1886 de
387 1828 487 1887 Ennio
509 1828 651 1905 legimus:
676 1832 719 1887 ‘ut
742 1828 785 1887 ait
808 1827 982 1905 ingeniosus
1003 1834 1095 1905 poeta
1117 1834 1148 1884 et
1169 1834 1273 1886 auctor
1294 1823 1385 1882 valde
1412 1823 1531 1896 bouus’,

183 1929 220 1988 de
244 1951 285 1990 or.
309 1931 400 2003 145,
427 1933 502 1991 198:
527 1933 582 1990 ‘sic
604 1932 775 2011 appellatur
797 1952 816 1991 a
838 1952 952 1991 summo
975 1939 1065 2010 poeta
1093 1930 1157 2003 est’,
1186 1928 1351 2003 eodemque
1374 1927 1463 1987 modo
1491 1927 1532 1986 de

180 2055 266 2113 prov.
291 2055 372 2098 cons.
397 2037 435 2094 21
462 2040 603 2096 ‘summus
636 2036 735 2116 poeta’
757 2044 788 2096 et
819 2036 858 2097 de
880 2045 942 2115 opt.
975 2055 1044 2114 gen.
1068 2055 1110 2094 or.
1147 2040 1174 2109 1,
1204 2037 1222 2094 2
1255 2039 1397 2093 ‘summus
1428 2034 1532 2111 epicus

182 2138 293 2217 poeta)
326 2160 415 2219 porro
438 2138 476 2199 ad
500 2142 664 2202 carminum
687 2142 819 2222 ipsorum
851 2141 1029 2220 dignitatem
1052 2160 1088 2199 ac
1115 2136 1370 2219 pulchritudinem
1393 2146 1533 2216 spectant

181 2242 254 2303 illae
275 2243 450 2305 admirantis
471 2265 573 2306 voces:
597 2246 687 2306 Tusa.
710 2246 761 2305 III
785 2247 835 2319 19,
859 2247 915 2307 45:
945 2244 972 2305 ‘o
994 2254 1116 2325 poetam
1140 2244 1308 2322 egregium!
1337 2287 1343 2301 .
1369 2287 1376 2301 .
1402 2286 1409 2300 .
1441 2262 1530 2321 prae·
1632 2310 1633 2313 Ἴ

182 2348 295 2407 clarum
313 2352 450 2409 carmen!
468 2359 513 2411 est
529 2353 609 2411 enim
625 2359 655 2409 et
669 2350 759 2411 rebus
775 2360 805 2409 et
819 2352 919 2411 ver-bis
931 2359 960 2410 et
976 2349 1070 2409 modis
1087 2348 1231 2428 lugubre’,
1248 2348 1298 2407 vel
1315 2346 1353 2407 de
1368 2346 1428 2409 div.
1445 2347 1462 2407 I
1479 2348 1530 2419 31,

183 2453 239 2511 66:
265 2458 291 2513 ‘0
313 2474 423 2533 poema
445 2463 580 2516 tenerum
605 2464 635 2516 et
658 2465 806 2515 moratum
830 2465 922 2535 atque
944 2452 1057 2516 molle.’
1083 2454 1299 2514 sententiarum
1314 2462 1411 2511 autern
1428 2451 1532 2530 singu-

182 2558 279 2617 larum
312 2562 526 2638 praestantiam
551 2560 657 2621 Cicero
684 2560 786 2622 multis
818 2562 891 2621 locis
923 2560 1090 2640 significet:
1124 2559 1219 2618 veluti
1251 2558 1342 2619 Tusc.
1375 2556 1442 2615 IIII
1476 2558 1529 2630 33,

183 2665 224 2723 70
248 2663 335 2723 ‘bene
358 2684 429 2743 ergo
452 2661 589 2739 Ennius',
614 2665 652 2725 de
674 2666 723 2727 off.
740 2666 772 2725 II
792 2668 824 2739 7,
849 2668 890 2725 23
916 2666 1080 2745 ‘praeclare
1104 2666 1183 2723 enim
1206 2661 1332 2721 Ennius'
1349 2670 1439 2741 atque
1454 2660 1532 2721 ibid.

186 2770 233 2839 18,
259 2769 299 2827 62
324 2774 403 2828 ‘nam
422 2770 577 2849 praeclare
596 2770 733 2844 Ennius’,
757 2770 795 2829 de
821 2771 871 2835 fin.
887 2771 920 2829 Il
943 2775 992 2843 13,
1009 2772 1048 2829 41
1068 2769 1135 2828 ‘hoc
1151 2768 1261 2829 dixerit
1275 2768 1375 2847 potius
1393 2766 1531 2838 Enniue',

182 2872 220 2931 de
242 2893 300 2935 am.
327 2876 376 2946 17,
402 2876 442 2933 64
467 2871 658 2953 ‘quamquam
681 2876 798 2934 Ennius
821 2871 922 2951 recte’,
946 2874 1063 2934 desen.
1089 2875 1140 2946 20,
1165 2874 1205 2932 73
1230 2870 1293 2932 ‘sed
1316 2869 1397 2930 haud
1413 2871 1475 2931 scio
1492 2888 1560 2929 an·

183 2978 290 3037 melius
313 2976 449 3040 Ennius!
472 2978 546 3059 quid
570 2979 649 3059 quod
685 2978 790 3039 Cicero
825 3000 860 3039 eo
885 2999 979 3059 usque
1001 2978 1094 3038 Ennii
1118 2977 1228 3039 amoris
1250 2976 1405 3056 processit,
1439 2983 1480 3047 ut,
1508 2978 1535 3035 si

184 3082 304 3161 quidem
330 3082 422 3142 verba
444 3083 498 3142 illa
520 3080 571 3143 Or.
596 3086 647 3156 48,
675 3086 735 3144 160
765 3086 899 3164 ‘ipsius
922 3083 1038 3163 antiqui
1061 3081 1214 3141 declarant
1236 3075 1314 3140 libri’
1339 3086 1419 3139 recte
1442 3078 1535 3137 inter·

182 3196 293 3266 pretor,
317 3196 368 3246 aut
395 3189 561 3267 inspexerit
583 3196 636 3248 aut
657 3188 732 3248 adeo
756 3188 910 3269 paraverit
932 3187 989 3246 sibi
1012 3186 1107 3247 libros
1131 3192 1279 3244 vetustate
1303 3184 1446 3261 insigues,
1479 3184 1535 3261 qui

182 3294 249 3372 ipsa
262 3294 357 3351 Ennii
381 3301 480 3353 aetate
495 3294 656 3373 conscripti
672 3314 737 3353 esse
761 3292 950 3353 videbantur.
975 3299 1065 3370 atque
1089 3310 1272 3372 quamquem
1287 3290 1342 3350 vix
1364 3286 1537 3367 putandum

184 3405 229 3456 est
252 3417 330 3470 eum,
354 3417 422 3457 cum
453 3398 546 3458 Attici
568 3396 763 3477 bybliopolae
800 3397 914 3455 amicus
952 3403 1039 3469 esset,
1075 3404 1189 3457 tautam
1215 3394 1340 3453 solvisse
1376 3412 1431 3472 pro
1470 3390 1536 3450 illis

183 3501 351 3582 pecuniam,
384 3510 497 3581 quanta
533 3501 717 3581 temporibus
745 3498 972 3578 insequentibus
1006 3498 1169 3558 Antonium
1196 3498 1348 3556 Iulianum
1380 3495 1537 3554 'rhetorem
1632 3534 1633 3537 η

183 3605 291 3665 librum
314 3608 483 3665 Ennianum
508 3606 686 3665 conduxisse
710 3603 828 3664 Gellius
850 3603 963 3663 XVIII
980 3605 1008 3677 5,
1035 3609 1071 3664 ll
1095 3603 1256 3662 memoriae
1277 3600 1417 3681 prodidit,
1430 3604 1536 3659 tamen

184 3709 214 3768 id
245 3730 365 3790 qnoque
403 3731 544 3789 magnum
572 3710 645 3768 mihi
667 3708 787 3768 videtur·
810 3706 1031 3783 documentum,
1070 3709 1174 3786 quanti
1197 3706 1402 3766 aestimaverit
1424 3701 1537 3765 Cicero

183 3816 326 3875 Ennium.

286 3920 377 3981 Nunc
400 3940 447 3979 me
470 3927 644 3979 convertam
666 3918 703 3978 ad
736 3927 851 3978 ceteros
877 3926 981 3998 poetas
1011 3917 1149 3995 tragicos,
1182 3935 1217 3974 ac
1248 3915 1380 3995 primum
1410 3914 1538 3995 quidem

185 4026 223 4086 ad
239 4025 503 4097 M.Pacuvium,
527 4024 620 4083 Ennii
644 4042 682 4081 ex
704 4043 805 4083 sorore
827 4030 979 4102 nepotem,
1004 4022 1087 4081 cuius
1109 4019 1227 4079 fabulas
1250 4039 1361 4099 magna
1385 4039 1423 4077 ex
1446 4029 1538 4099 parte

185 4133 274 4191 etiam
298 4128 454 4191 Ciceronis
476 4136 611 4208 tempore
635 4138 717 4188 actas
740 4147 807 4187 esse
829 4125 1010 4186 videbimus.
1036 4145 1219 4205 quamquam
1241 4124 1397 4204 aliquanto
1431 4126 1536 4184 minus
1632 4176 1633 4179 ,

185 4234 375 4317 impenderat
395 4232 558 4293 Ciceroriu
580 4232 661 4292 huuc
695 4240 815 4311 poetam
848 4230 991 4291 studium:
1025 4231 1107 4290 cuins
1130 4231 1175 4288 rei
1198 4249 1276 4309 quae
1308 4230 1401 4290 fuerit
1432 4248 1537 4303 causa,

184 4342 264 4400 infra
291 4338 551 4400 demonstrabitur.
584 4339 688 4418 itaque
721 4336 759 4396 de
790 4338 918 4397 Pacuvii
950 4337 1023 4409 vita,
1046 4345 1079 4395 ut
1110 4335 1181 4395 inde
1213 4355 1327 4395 sumam
1362 4332 1536 4407 exordium,

68 4457 71 4458 ’
185 4465 331 4524 nusquam
356 4446 489 4523 loquitur
512 4440 617 4503 Cicero
641 4443 698 4501 nisi
729 4464 789 4502 uno
812 4443 889 4516 loco,
915 4461 952 4501 ex
976 4462 1035 4521 quo
1057 4460 1215 4520 possumus
1248 4439 1437 4514 concludere,
1473 4460 1537 4519 quo

185 4559 320 4627 tempore
343 4549 474 4627 viguerit
495 4548 658 4619 Pacuvius,
675 4555 764 4608 'extat
786 4549 812 4607 is
835 4548 920 4609 Brut.
944 4548 993 4621 64,
1020 4547 1092 4619 229,
1117 4544 1170 4605 ubi
1186 4544 1225 4605 ad
1248 4545 1413 4606 Acciauam
1429 4543 1538 4623 legen·
