3300 5059
1051 475 1082 523 'in
1102 466 1227 526 omnibus
1246 475 1247 478 ’
1307 467 1310 472 ’

169 534 347 570 ⁰⁰n⁸⁰¹¹⁸¹¹¹m
407 556 435 604 in
454 571 493 606 cc,
513 554 574 606 buc.
614 557 642 605 in
661 573 699 608 cc.
719 557 791 607 mim.
850 558 877 606 in
898 573 936 608 cc.
957 575 997 624 ep.
1054 561 1167 612 Theocr.
1187 578 1225 613 cc.
1272 561 1300 612 in
1319 579 1356 614 cc⁴
1379 563 1443 615 dub·

187 607 328 657 iuncturae

468 827 503 1372 ΞΙηὶωΙ--Ι

471 1527 501 1534 I
487 1415 502 1461 0-

703 1500 719 1548 ω
703 1415 719 1462 ιο.
703 1326 720 1375 ιε-
705 1239 718 1286 ι-ι
705 1152 719 1198 ——n
705 1065 720 1111 ιο
706 978 718 1025 ³——
704 892 719 938 ω
691 829 719 838 Ι

1340 1535 1372 1543 Ι
1349 1422 1374 1468 οὐ
1358 1336 1373 1382 ιο
1341 1271 1372 1282 ¹
1358 1160 1374 1207 ο-
1360 1075 1372 1120 ι-ι»
1359 986 1372 1032 ι--
1341 923 1375 933 Ι
1343 837 1370 848 Ι

468 1657 501 1705 ὃ

685 1658 718 1705 ἐξ

903 1662 918 1710 0·

921 1660 936 1708 e>

1340 1664 1350 1710 -n

1355 1663 1371 1710 ..Θ

126 1876 198 1928 ante
220 1870 343 1949 τλ,,γμ,
366 1864 419 1949 dp,
440 1888 494 1948 γν,
515 1865 557 1928 dv
579 1885 742 1952 numquam
765 1867 918 1950 reperitur¹
937 1866 1059 1948 syllaba
1082 1848 1227 1948 correpta.

211 1975 352 2050 Magnam
385 1991 458 2032 vero
489 1971 596 2030 harum
633 1971 855 2052 correptionum
899 1980 1015 2052 partem
1055 1951 1156 2056 (LIII)
1196 1974 1240 2034 ita
1274 1982 1476 2054 comparatam

120 2099 188 2139 csse
221 2079 356 2159 adparet,
389 2085 424 2136 ut
457 2075 581 2156 syllaba
612 2085 751 2158 correpta
783 2085 836 2136 aut
867 2077 898 2136 in
930 2078 998 2157 ipsa
1034 2077 1173 2138 vocabuli
1206 2080 1364 2159 compositi
1398 2100 1477 2140 com-

119 2185 253 2244 missura
271 2191 354 2243 extet
384 2189 435 2241 aut
468 2202 504 2241 ea
537 2203 559 2243 α
589 2182 638 2256 sit,
675 2181 754 2262 quod
786 2182 971 2264 privativum
1004 2182 1116 2256 dicunt,
1153 2190 1204 2242 eut
1235 2186 1388 2264 augmenti
1423 2194 1475 2246 aut

119 2288 370 2369 reduplicationis
404 2287 541 2347 vocalem
578 2287 740 2348 contineat.
780 2295 870 2368 atque
908 2286 1035 2348 eandem
1073 2288 1220 2348 rationem
1263 2288 1301 2348 ab
1338 2283 1472 2351 Homero

124 2415 253 2476 quoque·
268 2413 334 2454 esse
358 2392 549 2453 observatam
564 2392 611 2451 La
628 2376 738 2452 Rocbii
761 2391 850 2470 libro,
875 2412 963 2471 quem
980 2412 1072 2473 supra
1093 2393 1199 2468 adtuli,
1223 2394 1359 2474 inspecto
1381 2396 1472 2461 facile

125 2500 287 2577 intelleges
298 2495 332 2582 1).
357 2499 561 2579 correptiones
577 2480 698 2578 quidem
714 2494 745 2556 id
762 2517 858 2576 genus
874 2497 934 2558 illis
951 2498 1122 2558 simillimae
1137 2507 1208 2558 sunt
1223 2500 1473 2580 correptionibus,

124 2607 155 2664 in
181 2604 290 2684 quibus
312 2603 435 2664 vocales
458 2610 614 2684 correptae
645 2603 677 2661 in
710 2603 853 2663 extremis
877 2601 1032 2662 vocabulis
1055 2603 1230 2664 conlocatae
1253 2613 1330 2678 suut,
1356 2603 1473 2665 eadem·

122 2729 181 2790 que
205 2709 243 2769 de
266 2710 528 2784 eausa-omnium,
561 2728 640 2788 quae
669 2706 779 2768 mediis
811 2709 844 2766 in
871 2706 996 2768 vocibus
1023 2709 1223 2789 reperiuntur,
1247 2710 1473 2791 correptionum

124 2815 196 2875 illae
218 2825 289 2875 sunt
311 2810 524 2898 lenissimael).

211 2919 334 2980 Deinde
356 2921 388 2980 in
411 2918 559 2999 exemplis
583 2926 629 2978 sut
651 2917 755 2978 multis
777 2913 942 2999 (XLVIII)
966 2917 1121 2978 nomicum
1143 2917 1333 2998 propriorum
1358 2919 1474 2980 formae

127 3026 278 3108 leguntur,
303 3046 378 3105 quas
401 3044 461 3086 non
485 3023 622 3086 eiusdem
650 3032 741 3103 atque
765 3029 867 3083 cetera
889 3021 1135 3083 vocabulaiuris
1159 3042 1224 3082 esse
1247 3023 1320 3084 satis
1343 3032 1472 3084 constat:

118 3130 339 3212 Ἅμφῖκλέους,
371 3130 585 3212 Ἆμῳῖτρύωκ,
619 3149 756 3206 -ωνος,
779 3149 905 3206 -ωνα,
937 3126 1246 3211 Ἅμφῖτρυωνιάδης,
1273 3148 1369 3206 -oco,
1397 3149 1473 3212 -p,

115 3235 307 3316 νἈφροδίτη,
331 3256 423 3312 -ας,
444 3255 519 3317 -oc,
538 3221 711 3318 Βέβρυκες,
738 3254 841 3311 -ων,
863 3223 1004 3314 Admone,
1027 3231 1152 3309 -ιὸος,
1173 3255 1240 3310 -ι,
1270 3231 1474 3311 Areuanias,

122 3341 312 3424 Ἡρᾶκλέης)
334 3339 427 3416 -έα,
456 3338 625 3422 opinatae,
651 3337 887 3416 Κῦκλάδεσσιν,
919 3331 1073 3414 Κύκλωψ,
1097 3336 1250 3415 -ώκων,
1272 3338 1471 3420 Πᾶτρόκλῆς.

118 3447 209 3507 huius
226 3466 315 3526 vero·
328 3445 448 3524 generis
472 3445 675 3524 correptiones
699 3444 790 3504 etiam
813 3442 905 3502 ceteri
928 3450 1036 3522 poetae
1052 3439 1163 3502 Graeci
1189 3461 1293 3502 omnes
1317 3441 1473 3510 exhibent,
1516 3438 1522 3444 ’

116 3552 205 3613 velut
226 3552 378 3610 Homerus
404 3550 645 3633 Ἅμφῖτρύωνος
666 3551 698 3611 Ε
720 3549 795 3627 392,
823 3551 844 3610 λ
867 3549 929 3607 266
962 3555 1034 3614 cett.¹
1066 3546 1236 3629 Ἀφροδίτη
1259 3549 1291 3608 Ε
1313 3547 1385 3621 370,
1411 3548 1474 3608 375

118 3666 201 3732 cett,
225 3652 395 3741 Πάτρὸκλε
427 3657 458 3718 Τ
477 3659 549 3718 287.
574 3655 606 3714 in
629 3674 704 3714 voce
727 3660 828 3714 autem
851 3653 995 3729 Κύκλωψ
1019 3650 1099 3731 apud
1122 3652 1288 3710 Homerum
1311 3674 1332 3714 υ
1356 3672 1476 3731 semper
1513 3684 1515 3688 ·

119 3762 314 3842 producitur;
337 3761 540 3823 nominativus
565 3758 742 3841 Ἠρακλέης
756 3757 870 3817 ibidem
894 3758 1015 3818 omnino
1038 3776 1099 3816 non
1118 3756 1283 3836 reperitur,
1306 3776 1373 3816 cum
1397 3777 1474 3817 sem-

118 3889 176 3949 per
199 3851 316 3928 dicatur
335 3867 390 3950 βίη
411 3865 604 3948 Ἡρακληείη
627 3864 727 3923 vocali
750 3886 772 3925 α
793 3862 952 3944 producta;
977 3860 1029 3922 sed
1053 3862 1164 3940 legitur
1181 3861 1239 3920 'ille
1262 3860 1342 3940 apud
1365 3861 1473 3920 Hesio-

120 3973 193 4034 dum
208 3973 325 4052 Theog.
343 3992 374 4034 v.
391 3973 466 4045 537,
483 3969 564 4046 apud
579 3968 719 4049 Apollon.
737 3969 836 4029 Rhod.
852 3968 928 4048 Arg.
945 3971 977 4030 A
999 3969 1072 4041 349,
1097 3969 1171 4041 436,
1197 3969 1260 4026 864
1288 3974 1369 4041 cett,
1393 3964 1473 4045 apud

118 4055 269 4152 Quintum
293 4078 494 4157 Smyrnaeum
523 4075 676 4136 Posthom.
710 4074 755 4135 IV
780 4076 853 4147 448,
878 4074 905 4135 V
930 4075 1003 4146 645,
1027 4072 1073 4133 VI
1097 4073 1159 4132 230
1183 4080 1263 4150 cett,
1287 4069 1368 4150 apud
1392 4070 1473 4130 Non·

117 4173 190 4243 num
214 4185 344 4265 Dionys.
368 4183 417 4242 XI
441 4185 514 4257 227,
537 4179 632 4240 XXV
657 4182 729 4255 196,
753 4178 869 4239 XXIX
893 4180 956 4239 240
979 4186 1047 4238 cett.
1428 4176 1431 4181 ’

210 4463 230 4531 ¹)
249 4461 290 4515 De
308 4463 394 4530 poetis
413 4460 480 4529 eleg.
500 4462 535 4514 cf.
555 4461 712 4512 Goebelium
731 4459 748 4512 1.
768 4477 804 4525 c.;
825 4458 930 4510 Sitzleri
948 4457 1069 4509 ‘Studien
1087 4469 1120 4504 au
1137 4453 1195 4505 Th)
1213 4469 1240 4518 p.
1258 4451 1283 4501 4.

208 4551 228 4620 ²)
257 4552 296 4603 cf.
319 4552 478 4617 Weatphalii
496 4551 600 4602 ‘Metrik
618 4549 664 4600 der
683 4547 878 4600 Grieehen2'11
897 4550 930 4598 83
949 4562 988 4613 sq.
