3300 5059
1440 232 1481 290 79

131 423 222 481 etiam
261 440 278 481 5
315 421 388 481 locis
424 420 622 494 Theocriteis,
664 440 739 499 quos
772 419 881 494 adtuli,
929 420 1068 500 plerique
1104 420 1143 479 ad
1183 422 1344 498 imaginem
1381 442 1480 483 exem·

128 527 246 606 plerum
270 527 500 586 Homericorum
523 534 593 585 sunt
624 526 768 605 expressi.
802 546 839 583 ac
868 525 998 604 primum
1030 524 1150 605 quidem
1185 526 1334 606 syllabam
1368 535 1413 586 tur
1435 527 1480 586 iu·

128 641 275 713 sequente
304 651 380 691 voce
412 630 472 715 χρή
502 630 680 711 productam
712 630 871 704 videmus,¹
893 629 925 688 id
957 629 1039 709 quod
1066 630 1149 710 apud
1171 630 1336 691 Homerum
1359 630 1480 691 sexiens

128 739 291 818 reperitur:
323 740 356 799 Λ
379 738 419 797 57
444 736 522 799 ἀλλὰ
544 736 603 820 χρή
626 764 668 789 =
697 738 727 798 Τ
746 737 820 809 228,
856 738 972 811 13490
993 735 1047 798 551
1069 734 1106 797 δὲ
1126 735 1197 820 χρή,
1227 737 1267 799 Η
1284 738 1344 797 331
1376 744 1421 822 τῷ
1444 752 1481 799 σε

128 844 185 927 χρή
208 870 252 895 =
276 844 301 905 I
320 845 391 922 100,
417 864 436 926 ρ
459 844 533 903 417.
556 841 631 901 mihi
655 840 778 921 quidem
796 840 994 921 *nequaqnam
1026 841 1087 901 loci
1109 840 1155 899 illi
1178 841 1351 902 Theocritei
1374 843 1479 901 immu=

130 947 214 1007 tandi
247 966 316 1008 esse
346 945 497 1021 videntur,
530 944 561 1005 id
593 944 674 1026 quod
705 947 797 1006 facile
827 946 893 1005 fieri
914 966 1004 1026 posse
1035 945 1067 1005 in
1090 966 1141 1005 vv.
1164 946 1197 1005 X
1220 947 1260 1006 56
1285 955 1315 1007 51
1335 948 1414 1008 XIV
1438 950 1479 1007 64

129 1051 288 1113 scribendo
311 1061 412 1115 ταῦτα
434 1049 471 1114 δὲ
492 1050 552 1135 χρή
576 1059 606 1111 51
628 1047 701 1113 οἷον
722 1050 782 1135 χρή
804 1051 855 1110 vel
878 1048 932 1113 οἶά
953 1071 990 1132 γε
1004 1049 1064 1134 χρή
1086 1049 1159 1109 dicit
1172 1050 1297 1131 Heep.¹)
1342 1051 1479 1129 inversu

130 1167 231 1219 autem
265 1156 345 1217 XIV
378 1159 418 1217 56
451 1155 608 1237 productio
641 1157 866 1217 excusationem
896 1155 990 1216 habet
1024 1155 1207 1235 anaphoras.
1236 1164 1367 1216 ceterum
1390 1158 1482 1217 etiam

130 1262 210 1343 apud
229 1262 399 1323 -Homerum
420 1270 491 1322 ante
506 1260 689 1322 adiectivnm
704 1258 833 1346 πρῶτος
848 1271 968 1341 praeter
984 1261 1102 1322 articuli
1123 1262 1234 1321 formas
1255 1262 1293 1324 τό
1317 1271 1347 1321 51
1368 1263 1408 1325 τά
1423 1262 1483 1321 alia

130 1388 252 1448 quoque
275 1365 423 1428 vocabula
444 1368 476 1427 in
498 1366 576 1426 thesi
599 1367 813 1450 producentur,
837 1368 923 1427 velut
944 1370 976 1428 Λ
998 1368 1061 1425 424
1081 1367 1194 1451 ’πόντῳ
1215 1365 1276 1448 μέν
1301 1388 1336 1429 τε
1357 1375 1482 1451 πρῶτα,

134 1473 173 1531 cf.
187 1494 241 1532 vv.
266 1469 393 1548 &4023
417 1494 437 1534 ν
462 1474 533 1546 133,
558 1473 635 1547 228;
659 1491 684 1535 κ
707 1474 770 1534 402
796 1473 883 1532 alios.
908 1467 1109 1546 1551555155,
1134 1472 1187 1552 qui
1208 1481 1331 1547 restant,
1356 1481 1482 1552 excepto

11 1576 13 1589 '
128 1598 219 1637 versu
235 1577 297 1637 VII
314 1578 509 1638 2455551655
526 1577 645 1637 articuli
660 1573 775 1637 formae
791 1577 959 1659 productae
971 1578 1172 1657 reperiuntur.
1197 1578 1341 1638 articulus
1358 1579 1480 1657 quidem

11 1706 13 1711 ’
132 1684 163 1742 iu
180 1680 309 1763 syllabis
324 1677 402 1743 'ante
423 1692 538 1743 mutam
563 1704 588 1743 c.
612 1682 633 1747 l.
657 1681 688 1742 in
711 1682 790 1743 thesi
821 1682 974 1764 productis
1006 1683 1066 1741 iam
1097 1683 1130 1741 in
1145 1678 1279 1742 ¹Homeri
1301 1682 1483 1743 carminibus

130 1788 305 1869 frequenter
337 1788 464 1861 (viciens
495 1786 555 1867 bis)
578 1788 735 1868 reperitur,
770 1788 851 1867 apud
874 1795 979 1868 poetas
1009 1808 1082 1849 vero
1115 1788 1223 1846 aetatis
1255 1785 1483 1847 Alexandrinae

130 1902 183 1953 aut
206 1893 298 1954 etiam
321 1893 498 1953 inferiorum
521 1902 689 1972 temporum
721 1894 752 1952 in
775 1892 1004 1972 productiouum
1032 1892 1121 1951 huius
1143 1892 1263 1971 generis
1285 1900 1370 1970 parte
1392 1893 1485 1971 longe

131 2000 264 2058 maxima
285 1999 395 2077 legitur
406 1997 441 2081 ²).
474 1999 594 2077 singula
628 2007 727 2059 autem
760 1999 900 2079 exempla
931 2000 956 2058 si
978 2006 1106 2078 spectas,
1126 1992 1171 2056 ⁴in
1194 1993 1298 2077 primis
1324 1996 1417 2056 verba
1444 1996 1485 2059 τὰ

10 2162 12 2167 .
130 2098 244 2188 πρῶτα
267 2102 373 2177 (XVII
390 2104 440 2182 75,
463 2103 497 2164 X
517 2103 572 2185 29)
596 2104 687 2181 digna
710 2113 790 2178 sunt,
814 2124 893 2184 quae
914 2111 1196 2178 commemorentur;
1217 2102 1265 2161 his
1286 2103 1365 2160 enim
1389 2099 1485 2181 aeque

133 2229 169 2268 ae
190 2208 293 2269 verbis
314 2208 352 2271 τὸ
371 2216 503 2293 πρῶτον
525 2207 596 2267 inde
619 2208 657 2269 ab
678 2209 811 2269 Homero
836 2229 939 2268 omnes
961 2217 1071 2288 poetae
1094 2208 1172 2287 epici
1194 2206 1238 2265 ita
1260 2206 1429 2280 utebantur,
1454 2214 1486 2264 ut

132 2334 301 2374 mensuram
327 2353 407 2375 --5
430 2308 624 2396 5555555511).
649 2332 727 2393 qnae
748 2332 796 2372 res
819 2311 901 2372 baud
925 2310 1016 2371 dubie
1040 2311 1112 2371 inde
1129 2309 1310 2391 explicanda
1326 2319 1381 2384 est,
1405 2309 1485 2389 quod

135 2419 228 2480 verba
249 2418 289 2481 ude
311 2427 424 2503 πρῶτα
447 2426 477 2477 51
498 2416 536 2479 τὸ
558 2414 689 2501 πρῶτον
720 2418 810 2478 unius
838 2416 980 2477 vocabuli
1003 2418 1098 2476 instar
1120 2424 1198 2477 sunt.
1223 2436 1289 2474 cum
1312 2435 1402 2475 versu
1423 2414 1486 2474 XV
1525 2406 1529 2410 ’

135 2526 195 2585 145
220 2525 348 2585 conferri
370 2531 469 2605 potest
491 2520 582 2582 Hom.
606 2519 635 2584 νΙ
649 2519 711 2582 215
729 2521 794 2585 ἀλλ’
810 2524 869 2604 ἄγε
889 2521 929 2602 dt
951 2520 991 2582 τὰ
1011 2521 1154 2604 χρήματ’,
1178 2539 1245 2579 cum
1276 2519 1484 2599 productione,

134 2650 211 2709 quae
234 2637 319 2689 extat
340 2630 372 2689 in
395 2650 421 2688 c.
445 2627 514 2688 dub.
546 2624 614 2687 XX
637 2630 685 2701 19,
718 2632 823 2688 v'ersus
851 2627 942 2690 Hom.
967 2629 999 2689 A
1023 2628 1084 2686 106
1107 2626 1204 2707 μάντι
1224 2631 1345 2703 κακῶν,
1368 2622 1408 2687 50
1434 2622 1486 2686 κώ

132 2733 212 2797 ποτέ
233 2757 290 2816 μοι
311 2734 350 2796 τὸ
371 2733 515 2817 κρήγυον
538 2726 638 2806 εἶπας.
832 2810 835 2813 ἢ
1139 2736 1142 2740 ’

221 2839 350 2899 Multum
383 2846 481 2897 antem
513 2836 655 2896 abhorret
687 2835 903 2909 arationibus,
937 2855 1015 2915 quae
1044 2837 1076 2894 in
1108 2830 1215 2894 ceteris
1237 2832 1487 2916 productionibus

134 2946 340 3018 observantur,
363 2943 446 3002 locus
469 2942 531 3001 VH
554 2936 629 3022 24d
650 2940 729 3023 μετὰ
744 2940 839 3003 δαῖτα
860 2939 974 3021 κλητὸς
996 2937 1153 3020 &meipsum
1176 2938 1228 2996 ubi
1248 2959 1347 3019 neque
1368 2958 1486 3012 evoce,

135 3052 218 3111 cuins
243 3050 365 3130 syllaba
386 3048 494 3107 ultima
516 3045 701 3127 producitur,
726 3065 824 3125 neque
848 3067 865 3105 5
886 3044 1034 3104 vocabulo
1057 3044 1171 3124 κλητός
1192 3044 1257 3122 peti
1279 3051 1378 3123 potest
1400 3045 1485 3123 quic-

139 3176 228 3236 quam
261 3154 471 3215 excusationis.
506 3172 566 3231 qua
598 3150 635 3210 de
659 3136 749 3211 causa
772 3150 912 3230 equidem
934 3148 1054 3209 Hillero
1077 3147 1238 3223 adsentior,
1262 3148 1314 3227 qui
1337 3148 1368 3207 in
1391 3148 1488 3208 19τί15-

136 3262 210 3321 scbii
244 3259 291 3320 ed.
325 3259 407 3332 min,
442 3278 531 3337 quam
564 3257 746 3331 retractavit,
780 3254 817 3314 ad
850 3255 1028 3335 scripturam
1052 3251 1213 3313 rediitad.
1242 3253 1383 3313 Iuntinae
1406 3252 1487 3316 δαῖτ’

137 3368 282 3447 ἄκλητος,
299 3383 386 3444 quae,
404 3382 471 3421 cum
487 3363 530 3421 sic
546 3362 577 3420 in
593 3360 730 3440 Lycidas
745 3360 840 3421 verba
857 3361 938 3419 iocus
954 3358 1076 3439 quidam
1093 3360 1257 3436 ingeratur,
1283 3358 1383 3417 sensui
1399 3357 1490 3417 etiam

139 3472 295 3551 aptissima
311 3477 366 3530 551.
390 3459 489 3548 neque
506 3466 578 3546 quid
595 3464 632 3525 de
649 3465 762 3525 Graefii
778 3466 949 3526 coniectura
964 3463 1002 3523 ad
1020 3485 1048 3523 v.
1064 3464 1175 3523 XXIV
1191 3466 1231 3524 69
1247 3462 1375 3543 prolata,
1399 3484 1491 3543 quam

137 3575 281 3636 Meiueke
313 3592 434 3654 quoque
466 3570 607 3652 probavit
631 3567 693 3653 (ed.
726 3570 784 3634 ΙΠ.
808 3592 838 3650 p.
863 3572 936 3643 365)
968 3568 1160 3628 statuendum
1193 3569 1242 3641 sit,
1274 3567 1397 3627 dubium
1426 3588 1492 3627 esse

139 3689 247 3759 potest.
282 3678 427 3739 exhibent
459 3678 539 3737 enim
569 3675 599 3736 b.
632 3676 653 3735 l.
688 3676 828 3756 plerique
860 3675 930 3735 libri
960 3695 1052 3735 manu
1086 3673 1191 3753 scripti
1228 3671 1401 3754 αἰδόμενος
1438 3670 1493 3753 ἐμὲ

139 3784 270 3867 κρύπτε,
303 3782 367 3843 556.
412 3802 428 3841 5
467 3789 566 3841 autem
605 3780 753 3854 (Ambros.
789 3781 842 3853 75)
874 3779 917 3838 nil
957 3779 1014 3838 nisi
1054 3776 1227 3857 αἰδόμενος
1262 3776 1392 3859 κρύπτε.
1426 3795 1493 3836 cum

141 3897 240 3947 autem
275 3889 406 3968 perspici
429 3888 579 3967 nequiret,
617 3876 669 3947 cur
690 3885 748 3945 hoc
770 3886 838 3945 loco
866 3885 988 3962 gravior
1009 3882 1197 3963 pronominis
1220 3882 1315 3941 forma
1337 3879 1393 3962 ἐμέ
1415 3888 1494 3939 55551

140 4002 293 4073 usurpata,
329 3990 441 4053 Graefe
473 3991 663 4052 scribendum
696 4011 761 4051 esse
792 3990 950 4070 proposuit
981 3975 1155 4069 αἰδόμενός
1186 4006 1225 4067 με
1259 3985 1391 4070 κρύπτε,
1415 4003 1493 4063 quae

143 4097 232 4158 lectio
267 4118 286 4157 a
308 4098 462 4159 Meinelrio
494 4106 524 4158 51
554 4098 726 4176 Hartnngio
756 4096 882 4177 probata
909 4104 963 4155 est.
997 4092 1050 4153 sed
1073 4112 1228 4151 numerum
1252 4089 1493 4170 productiounm,

148 4271 348 4283 -—-·--——--

233 4378 252 4442 ¹)
272 4377 318 4427 Cf:
332 4378 451 4439 Quaestt.
472 4376 627 4427 Callimach.
645 4392 669 4441 p.
689 4377 730 4425 29.

232 4460 254 4531 1)
274 4460 314 4514 Of.
332 4462 416 4530 Hesp.
434 4464 452 4513 l.
472 4479 493 4515 c.
512 4480 538 4527 p.
557 4465 598 4513 ³4.

233 4550 253 4617 8)
274 4549 314 4601 cf.
333 4567 402 4618 quae
421 4551 454 4602 de
472 4551 524 4601 bac
542 4566 570 4601 rs
589 4549 712 4616 exposuit
729 4549 760 4599 Α.
778 4547 908 4599 Ludwieh
926 4546 994 4596 Ana.
1013 4543 1076 4610 phil.
1096 4541 1156 4593 CIX
1175 4543 1234 4592 236.
