3300 5059
1406 219 1467 279 265

112 400 285 484 etquidem
309 422 362 462 cnr
384 404 427 462 sio
450 403 589 483 opinetur
611 404 760 462 rationem
783 403 907 480 subicit;
942 404 995 465 ssd
1026 406 1103 466 nibil
1127 417 1172 469 est
1200 428 1324 469 necesse
1351 409 1460 487 dicere,

112 530 189 591 qnae
211 516 377 589 sequuntur
399 553 406 567 .
425 555 431 569 .
449 506 467 565 .’
490 528 612 568 causam
650 519 749 572 autem
772 512 866 585 illam,
893 532 983 592 quam
1021 514 1138 574 Ennius
1176 515 1310 593 protulit,
1349 512 1455 577 Cicero

113 623 323 679 commemorat
357 613 395 675 de
419 616 488 675 nat.
523 614 603 677 deor.
627 616 677 675 ΠΙ
710 619 761 698 32,
787 618 837 691 79,
860 616 913 677 ubi
937 616 971 681 O.
1005 617 1149 679 Aurelius
1182 618 1271 679 Cotta
1293 620 1459 681 Stoicorum

111 722 188 782 illud
211 721 283 780 deos
307 722 475 779 curatores
496 719 651 780 hominum
672 721 766 782 dusius
782 722 882 782 studet
898 732 1046 783 evertere:
1066 730 1111 784 ‘ac
1126 744 1181 783 nos
1197 724 1344 805 quidem',
1368 727 1467 806 inquit

112 826 211 887 ‘nimis
233 827 329 886 multa
352 824 390 884 de
414 845 446 885 re
469 826 672 905 apertissima3
696 827 823 888 Telamo
847 836 947 889 autem
972 850 1031 889 uno
1049 849 1137 890 versu
1159 830 1258 890 locum
1280 837 1377 891 totum
1393 852 1463 892 con·

112 933 183 1006 ficit,
209 952 262 991 cnr
285 930 317 991 di
341 930 478 991 homines
500 912 665 1012 neglegant

197 1050 260 1104 ndm
280 1053 304 1104 ei
322 1058 426 1115 curent,
444 1050 515 1103 bdne
534 1054 611 1105 bonis
629 1055 676 1119 sit3
694 1051 764 1104 mdle
783 1054 874 1109 malis:
895 1054 966 1120 quod
984 1053 1056 1106 ndno
1074 1055 1158 1107 abest'
1177 1054 1244 1120 (Tel.
1265 1056 1294 1107 tr.
1315 1057 1393 1124 sse).

114 1179 283 1260 eodemque
315 1177 403 1239 modo
426 1178 521 1238 Ennii
553 1179 647 1238 menti
678 1178 715 1239 ab
749 1178 832 1239 omni
863 1181 1076 1261 superstitione
1110 1180 1224 1240 liberae
1245 1180 1337 1262 plane
1365 1183 1396 1244 id
1419 1206 1463 1244 re-

115 1283 255 1364 spondet,
294 1283 375 1365 qnod
414 1304 452 1343 ex
483 1282 590 1343 eadem
622 1283 725 1344 fabula
752 1283 790 1343 de
813 1284 875 1344 div.
898 1284 915 1344 Ι
938 1286 989 1359 58,
1030 1288 1090 1346 132
1116 1285 1220 1346 Cicero
1249 1288 1321 1347 facit
1342 1290 1464 1371 fratrem

118 1391 268 1448 citantem.
301 1390 354 1470 qui
377 1409 444 1448 cum
467 1408 532 1448 esse
555 1388 772 1449 divinationem
795 1387 932 1469 pluribus
956 1389 1197 1466 demonstrasset,
1222 1393 1306 1451 cuius
1329 1401 1393 1453 tota
1416 1396 1462 1454 vis

117 1503 148 1554 ct
165 1494 248 1575 origo
264 1493 422 1554 referenda
437 1503 515 1553 esset
530 1492 568 1553 ad
585 1493 656 1554 deos
673 1489 702 1577 (Ι
714 1515 739 1556 c.
751 1490 904 1578 ete—55),
929 1472 967 1554 ad
986 1496 1081 1555 fatum
1098 1491 1127 1579 (Ι
1143 1516 1166 1555 e.
1183 1492 1247 1579 56),
1272 1486 1464 1557 ad'naturam

113 1596 144 1683 (Ι
168 1620 194 1659 c.
220 1600 272 1659 57.
297 1596 362 1683 58),
394 1618 427 1659 se
453 1607 555 1658 tamen
582 1618 724 1679 spernere
753 1598 911 1658 confitetur
941 1600 1109 1680 ‘sortilegos
1131 1603 1255 1662 vicanos
1277 1602 1462 1683 haruspices,

113 1704 151 1765 ds
174 1705 251 1765 circo
285 1704 451 1784 astrologos
476 1708 543 1763 ...¹
567 1709 638 1763 ‘non
662 1703 751 1763 enim’
783 1703 883 1783 inquit
916 1708 996 1763 ‘sunt
1024 1706 1046 1765 ii
1079 1714 1132 1765 aut
1154 1707 1283 1767 seientia
1316 1717 1369 1767 aut
1400 1716 1464 1767 arte

113 1809 220 1884 divini,

320 1910 368 1964 edd
386 1910 563 1979 superstitiosi
582 1916 660 1963 uates
677 1909 901 1978 impudentesque
919 1908 1017 1963 hdrioli

321 1998 370 2052 adt
387 2002 487 2051 inertes
506 1997 552 2051 adt
569 2002 659 2051 insani
677 2003 725 2050 aut
743 1997 840 2065 quibus
859 2005 964 2065 egestas
982 1998 1106 2065 imperat,

320 2085 367 2153 qni
384 2087 435 2137 sibi
454 2085 575 2138 semitdm
594 2104 649 2140 non
668 2089 782 2154 sapiunt,
800 2085 879 2138 dlteri
897 2085 1046 2139 monstrelet
1064 2089 1148 2139 viam:

320 2173 418 2242 quibus
439 2174 547 2225 diuitias
564 2173 734 2241 pdllicentur,
753 2171 788 2225 th
807 2175 841 2224 iis
861 2174 1033 2225 drachumam
1050 2173 1103 2242 ipsi
1121 2180 1223 2241 petunt.

321 2262 354 2312 de
372 2259 414 2313 his
433 2263 532 2313 diuitiis
550 2259 603 2313 sibi
621 2262 755 2313 deducant
774 2258 953 2339 drdehumam
971 2262 1087 2313 reddant
1104 2260 1193 2315 cetera
1211 2264 1277 2329 (Tel.
1297 2264 1327 2315 fr.
1347 2263 1429 2331 23.)Ι

112 2396 206 2468 atque
228 2388 306 2447 haec
329 2388 453 2468 quidem
474 2388 602 2461 Ennius,
627 2388 679 2468 qui
701 2388 807 2468 paucis
830 2394 901 2446 ante
928 2386 1066 2447 versibus
1090 2408 1155 2448 esse
1179 2388 1250 2448 deos
1273 2397 1384 2463 censet,
1409 2389 1461 2449 sed

111 2512 163 2552 eos
185 2513 244 2551 non
269 2513 375 2553 curare
397 2494 549 2573 opinatur,
574 2492 657 2573 ‘quid
682 2501 753 2572 agat
774 2492 940 2553 humanum
963 2493 1078 2572 genus’
1103 2502 1254 2573 postremo
1278 2492 1461 2553 omittendus

112 2617 173 2656 non
198 2608 243 2657 est
264 2598 347 2659 locus
379 2598 432 2658 ille
470 2597 507 2657 de
545 2598 606 2656 div.
644 2598 736 2671 140,
766 2600 817 2671 88,
843 2618 902 2677 quo
941 2597 1131 2676 antiquorum
1170 2607 1339 2677 temporum
1376 2607 1461 2657 vates

112 2712 307 2782 opponuntur
344 2701 528 2763 recentibus:
563 2703 666 2781 ‘atque
697 2703 787 2762 etiam
900 2702 1115 2782 'Amphiaraus
1148 2712 1178 2762 et
1215 2703 1360 2784 Tiresias,
1404 2723 1463 2762 nou

109 2809 240 2870 humiles
264 2817 294 2868 et
317 2808 436 2867 obscuri
459 2826 558 2887 nequo
581 2827 684 2867 sorum
707 2807 830 2880 similes,
855 2815 888 2867 ut
911 2806 991 2887 apud
1014 2809 1147 2868 Ennium
1173 2815 1226 2881 est,

287 2926 334 2995 qui
352 2929 395 2978 sui
413 2933 542 2994 quaestus
561 2925 644 2977 codsa
661 2925 736 2979 fictas
754 2923 885 2979 suscitant
903 2925 1048 2978 sententias
1066 2924 1130 2995 (inc.
1150 2927 1167 2979 f.
1188 2928 1220 2977 27
1240 2926 1292 2993 u),

110 3037 165 3097 sed
188 3036 260 3096 clari
285 3045 316 3097 ot
337 3044 527 3117 praestantes
559 3036 618 3094 viri
759 3034 861 3094 futura
883 3033 1044 3093 dicebant.¹
1077 3054 1116 3094 ex
1138 3034 1185 3093 his
1209 3035 1303 3112 igitur
1337 3033 1464 3115 adparet

112 3142 288 3203 Ciceronem
313 3141 387 3221 quid
409 3142 528 3200 Ennius
553 3140 591 3201 de
614 3138 671 3199 diis
695 3140 841 3217 cogitaret
869 3159 942 3199 sane
965 3137 1089 3219 quidem
1111 3139 1302 3220 perspexisse
1335 3147 1365 3197 et
1396 3158 1463 3198 sen·

111 3248 223 3306 tentius
259 3246 339 3320 illae,
379 3244 487 3325 quibus
525 3247 755 3325 impugnaretur
786 3243 873 3321 vulgi
903 3244 1086 3322 superstitio,
1117 3264 1155 3303 ex
1183 3244 1249 3302 eius
1282 3243 1464 3302 carminibus

109 3352 241 3412 libenter
263 3352 434 3431 sumpsisse.
481 3371 664 3431 quamquam
692 3371 754 3411 non
777 3350 867 3409 facile
890 3348 977 3408 nobis
1015 3347 1264 3428 persuadebimus
1289 3368 1358 3407 eum
1396 3347 1463 3407 dili-

110 3457 232 3537 gentius
270 3457 438 3536 perlegisse
455 3458 564 3519 ,Ennii
595 3454 809 3531 Euhemerum,
848 3454 879 3514 id
915 3454 995 3535 qnod
1028 3454 1120 3514 etiam
1153 3454 1235 3514 eadit
1267 3455 1298 3513 in
1338 3454 1464 3514 alterum

108 3563 206 3623 Ennii
235 3560 273 3621 de
295 3559 508 3641 philosophiae
531 3562 701 3641 praeceptis
724 3580 855 3637 carmen,
883 3560 1100 3641 Epicharmum
1125 3558 1200 3633 dico,
1236 3579 1357 3638 exque
1387 3579 1464 3619 unus

109 3676 198 3728 extat
222 3687 326 3726 versus
349 3664 406 3725 Ae.
426 3665 460 3724 H
486 3668 534 3740 16,
559 3669 609 3726 52.

216 3773 363 3852 Exposui,
393 3770 467 3851 quid
490 3771 521 3830 in
548 3773 723 3831 universum
757 3770 863 3832 Cicero
892 3772 1022 3832 senserit
1049 3771 1087 3830 de
1110 3772 1222 3844 Ennio,
1257 3778 1462 3850 quantamque

113 3898 238 3959 operam
261 3876 380 3936 dederit
401 3876 483 3935 vitae
507 3876 570 3937 eius
602 3897 637 3935 ac
659 3876 772 3935 meritis
795 3875 1020 3955 cognoscendis.
1049 3895 1129 3935 nnnc
1150 3896 1199 3935 me
1222 3882 1398 3934 convertam
1425 3873 1464 3934 ad

110 3982 233 4061 singula
248 3982 343 4041 Ennii
366 3982 507 4055 carmina,
532 4001 568 4041 ac
589 3982 720 4062 primum
744 3980 867 4060 quidem
891 3979 928 4040 ad
945 3980 1123 4041 Annales.
1148 3990 1239 4060 atque
1261 3999 1314 4039 suo
1337 3979 1403 4037 iure
1426 3978 1464 4039 de

111 4096 174 4166 opt.
198 4108 267 4166 gen.
290 4107 334 4146 or.
360 4091 388 4161 1,
413 4090 431 4146 2
461 4085 566 4147 Oicero
593 4087 726 4146 Ennium
758 4086 832 4145 dicit
862 4084 1019 4145 ‘summum
1057 4087 1175 4166 epicum
1213 4083 1353 4163 poetam’,
1393 4084 1465 4163 quia

109 4193 206 4271 ipsius
233 4200 333 4251 aetate
355 4211 443 4252 nemo
466 4193 542 4253 alius
587 4193 730 4251 extiterat
753 4200 852 4271 poeta,
887 4192 939 4270 qui
962 4192 993 4249 in
1016 4190 1073 4250 boe
1104 4210 1215 4270 genere
1242 4189 1376 4269 palmam
1405 4189 1463 4249 eri»

110 4305 199 4377 peret
220 4297 330 4357 Ennio.
354 4317 454 4377 neque
476 4297 533 4356 hoc
564 4298 642 4376 fugit
665 4295 841 4357 Ciceronem
873 4296 1007 4355 Ennium
1037 4296 1201 4376 praecipue
1225 4296 1374 4355 imitatum
1398 4312 1463 4354 esse

110 4403 287 4477 Homerum,
312 4422 373 4482 qua
395 4401 434 4463 de
455 4423 488 4463 re
510 4403 600 4463 facile
622 4402 721 4481 potuit
743 4401 889 4461 iudicare.
914 4420 1044 4481 namque
1067 4402 1165 4480 ipsum
1189 4401 1221 4459 in
1250 4399 1376 4460 Homeri
1400 4419 1460 4459 car·

109 4506 243 4568 minibus
265 4507 395 4567 maxime
417 4508 510 4569 fuisse
532 4516 684 4568 versatum
716 4526 783 4567 oum
807 4527 845 4567 ex
878 4506 1006 4579 iudiciis,
1032 4524 1109 4585 quae
1141 4505 1178 4565 de
1200 4505 1254 4565 illo
1277 4506 1359 4579 fecit,
1399 4512 1463 4564 tum
