3300 5059
164 222 205 279 74

166 408 251 493 ῥόδα
273 418 303 469 et
327 429 353 469 c.
378 405 449 469 dub.
473 403 603 470 XXVII
626 408 666 468 48
689 405 723 468 τί
744 403 842 489 ῥέζεις
863 407 984 468 vocales
1006 407 1088 468 hunc
1109 367 1141 466 in
1165 405 1286 468 modum
1309 406 1423 468 habent
1449 427 1533 486 pro-

166 515 283 591 ductas;
309 521 428 574 ceterae
451 520 552 572 autem
574 510 796 592 productiones,
816 533 941 594 quarum
960 514 1124 594 pleraeque
1146 513 1338 592 reperiuntur
1360 513 1392 572 in
1408 513 1530 572 carmi·

166 619 254 680 nibus
287 619 405 698 generis
438 607 527 698 epici,
564 625 668 676 extant
700 637 802 676 omnes
834 618 865 676 in
897 617 1026 698 pedibus
1058 619 1152 678 altero
1184 626 1214 677 et
1247 626 1363 698 quarto.
1394 617 1427 678 in
1463 617 1527 677 illo

166 724 287 807 quidem
308 724 366 783 has
389 724 599 783 inveniuntur:
623 725 648 800 c)
673 722 754 782 XVI
777 723 816 782 62
840 721 860 805 ἢ
882 723 977 787 ὕδατι
999 725 1108 802 νίζειν,
1130 723 1225 784 XVII
1247 723 1287 782 72
1307 721 1372 786 ἀπὸ
1387 722 1529 804 νεφέων

167 831 237 906 (hoc
259 829 374 910 recepit
396 829 554 906 Ziegler'e
589 828 655 887 cod.
684 849 714 906 κ,
736 827 813 888 liber
836 849 865 886 m
881 827 975 888 habet
996 828 1062 891 όιιὸ
1083 829 1136 905 aa),
1161 829 1257 886 XXII
1283 829 1344 888 118
1366 829 1439 909 ἤτοι
1463 827 1527 909 ὅγε

166 930 263 1017 ῥέξαι,
285 933 379 993 XXV
403 935 443 993 73
465 931 543 1007 τοὺς
563 931 624 1014 μὲν
646 932 701 1016 όγε
716 934 857 1011 λάεσσιν,
882 935 944 994 257
960 932 1062 997 αὐτοῦ
1078 930 1132 996 ἐπὶ
1146 931 1282 996 λασίοιο.
1306 933 1397 1013 paulo
1413 932 1524 1013 plures

165 1048 269 1098 extant
300 1038 388 1096 huius
422 1035 502 1096 modi
524 1053 526 1056 ·
536 1037 748 1116 productiones
780 1039 811 1096 in
844 1039 903 1096 arsi
942 1047 1062 1118 quarta:
1094 1043 1122 1110 α)
1160 1038 1210 1096 XI
1233 1040 1274 1098 10
1306 1035 1384 1100 οὐδὲ
1418 1034 1523 1121 ῥόδῳ,

165 1145 205 1202 45
230 1140 296 1205 έντλ
319 1139 450 1223 ῥαδινιιλ
471 1141 678 1224 κυπάρισσον
703 1147 729 1215 b)
751 1141 813 1200 XV
839 1143 900 1202 128
923 1142 942 1204 ὁ
965 1141 1162 1226 ῥοδόποιχυςς
1187 1145 1214 1218 c)
1240 1141 1339 1202 XXII
1371 1143 1430 1201 121
1466 1137 1524 1202 ἐπὶ

165 1247 313 1328 λαγόνος,
335 1245 428 1305 XXV
454 1248 494 1306 10
516 1244 604 1329 παρὰ
627 1244 717 1328 ῥόον,
742 1249 801 1307 211
820 1246 877 1308 ὅθι
892 1249 940 1322 λῖς
957 1241 1025 1330 ἦεν,
1049 1247 1111 1306 235
1135 1245 1200 1311 ἀπὸ
1222 1252 1350 1329 νευρῆς,
1373 1248 1436 1307 246
1452 1243 1523 1307 ὑπὸ

165 1351 315 1437 λαγόνας,
340 1351 400 1411 273
425 1348 489 1414 ἀπὸ
509 1349 642 1433 μελέων.

823 1457 859 1516 Β.

252 1560 318 1619 Iam
351 1559 517 1635 videamus,
542 1580 632 1641 quae
666 1561 714 1620 sit
746 1560 844 1641 apud
868 1561 1118 1641 'Theocritum
1150 1559 1317 1620 condicio
1351 1559 1521 1619 brevium

165 1665 346 1725 vocalium
386 1666 561 1728 finalium
600 1668 819 1748 insequente
859 1676 958 1726 muta
991 1689 1016 1728 o.
1049 1666 1071 1726 l.
1104 1667 1140 1725 in
1173 1665 1268 1725 thesi
1305 1663 1520 1746 positarum.

168 1770 292 1850 quodsi
315 1771 375 1832 iam
398 1773 429 1832 in
453 1772 581 1833 Homeri
606 1773 788 1833 carminibus
811 1773 951 1854 syllabae
973 1773 1005 1833 in
1026 1792 1135 1831 vocum
1159 1771 1287 1832 confinio
1310 1779 1381 1830 ante
1403 1777 1520 1830 mutam

167 1895 191 1932 c.
225 1874 245 1934 1.
277 1876 441 1957 productae
473 1877 651 1959 plerumque
684 1878 716 1936 in
749 1897 856 1940 versus
891 1876 1012 1938 sedibus
1044 1877 1107 1936 ictu
1139 1876 1336 1937 corroboratis
1365 1875 1518 1956 leguntur,

168 1981 262 2039 multo
278 1980 452 2061 diligentius
466 1984 556 2043 etiam
564 1983 642 2044 hauc
651 1983 750 2064 legem
767 2004 784 2042 a
800 1983 963 2043 Theocrito
980 2003 1044 2043 esse
1060 1982 1247 2043 observatam
1262 1981 1364 2041 statim
1378 1979 1448 2038 inde
1467 1978 1518 2038 ad·

167 2084 295 2164 parebit,
321 2086 399 2165 quod
422 2089 542 2148 vocales
564 2088 671 2148 finales
695 2089 726 2146 in
743 2087 820 2148 thesi
837 2088 1011 2149 conlocatae
1027 2095 1173 2173 sequente
1188 2095 1271 2146 muta
1286 2106 1312 2147 c.
1327 2086 1349 2144 l.
1365 2084 1516 2144 rarissime

167 2188 385 2274 producuntur5
409 2193 498 2273 longe
514 2185 758 2274 frequentissima
781 2193 862 2252 enim
878 2195 942 2254 eius
964 2193 1045 2253 modi
1067 2194 1140 2254 locis
1165 2201 1210 2252 est
1233 2192 1381 2270 correptio
1404 2189 1517 2248 Attica.

168 2303 277 2376 atque
320 2299 442 2377 priore
473 2297 581 2358 huius
615 2298 790 2358 sectionis
822 2307 927 2379 parte
960 2305 1000 2371 (oc)
1025 2297 1068 2357 de
1101 2296 1288 2378 exemplis,
1313 2315 1404 2377 quae
1426 2294 1517 2353 hanc

168 2403 436 2482 correptionem
459 2403 646 2486 exhibent,
679 2423 913 2487 exponemus,
947 2404 1066 2465 altera
1098 2403 1272 2485 deinceps
1295 2403 1336 2489 (β)
1359 2400 1515 2484 inquire-

168 2526 243 2568 mus
266 2508 301 2567 in
324 2507 592 2588 productiones.

817 2612 881 2694 oc1).

258 2717 408 2780 Numerus
434 2721 652 2802 correptionum
676 2721 707 2780 in
731 2722 855 2801 singulis
877 2719 1010 2780 thesibus
1033 2727 1078 2780 est
1100 2718 1161 2779 hio:

256 2970 344 3020 theses
420 2972 448 3020 in
467 2988 506 3022 cc.
524 2970 612 3023 bucol.
652 2975 680 3022 in
698 2988 736 3023 oc.
756 2975 827 3025 mim.

326 3217 343 3930 nmo—*xva—kzsvt-*wr—a»

328 3989 343 4123 mov-n

171 4285 317 4346 accedunt
339 4287 472 4364 quinque
496 4287 705 4365 correptiones¹
736 4307 814 4366 quac
839 4296 943 4346 extant
965 4287 996 4345 in
1019 4284 1225 4366 pentametris.
1278 4281 1282 4289 ’

253 4424 273 4489 1)
291 4425 323 4473 Iu
341 4424 518 4489 proponendis
541 4422 668 4488 exemplis
692 4423 793 4486 eadem,
817 4439 871 4490 qua
893 4438 981 4488 supra,
1004 4427 1065 4472 utar
1092 4421 1194 4471 ratione
1216 4436 1263 4484 per
1286 4417 1406 4483 singulas
1424 4433 1507 4467 versus

169 4509 245 4565 sedes
262 4510 323 4561 illas
341 4511 469 4578 digerens.
497 4527 529 4563 ac
546 4511 719 4577 reperiuntur
736 4512 787 4564 hae
806 4512 996 4576 correptiones:
1021 4513 1042 4560 1.
1062 4510 1091 4558 in
1109 4509 1211 4573 primae
1230 4507 1312 4557 thesis
1330 4510 1404 4571 parts
1421 4506 1507 4570 priore:
