3300 5059
139 201 245 259 ,18

205 391 344 454 Textlrr.’
378 389 411 448 II
444 392 506 449 303
537 387 596 470 sq.)
632 388 821 468 dactylorum
858 400 923 447 esse
954 390 1165 467 frequentiam,
1202 391 1233 448 iu
1258 390 1443 450 'Theocriti'
1458 403 1560 452 autem

206 494 329 574 edylliis
353 493 453 553 bucol.
469 493 614 552 minorem
637 513 691 572 pro
714 502 780 552 rata
802 502 890 570 parte
912 512 1002 571 quam
1025 494 1057 551 in
1074 492 1226 572 Odyssiae
1248 493 1326 554 libro
1347 497 1455 574 primo,
1470 497 1561 557 facile

205 599 256 658 vel
278 599 349 658 inde
372 617 542 676 cognosces
567 599 613 672 (ut
639 599 776 655 omittam
800 596 982 670 discrimina,
1015 617 1094 676 quae
1116 596 1196 657 inter
1218 599 1352 657 carmina
1375 600 1561 679 singulorum

207 702 341 762 eiusdem
366 703 473 761 aetatis
496 710 663 779 poetarum,
688 700 773 759 velut
795 702 874 760 inter
897 701 1055 761 Theocriti
1077 721 1120 760 cc.
1145 701 1245 763 bucol.
1269 712 1299 762 et
1323 703 1452 783 hymnos
1468 705 1560 765 Calli·

205 807 304 867 machi
326 805 527 876 intercedunt)
552 805 714 883 plurimum
738 805 831 864 etiam
851 805 908 862 hac
923 806 955 864 in
971 825 1003 864 re
1019 814 1176 883 poetarum
1191 806 1295 865 valere
1310 808 1444 886 ingenia,
1470 821 1561 889 prout

205 913 333 990 quisque
355 911 453 988 magis
476 909 614 968 minusve
638 908 770 968 adfectet
792 928 931 967 numeros
954 909 1156 971 rotundiores.
1180 931 1216 968 ac
1238 930 1271 970 re
1293 931 1368 970 vera
1383 912 1560 974 inferiorum

206 1024 374 1093 temporum
405 1021 509 1092 poetas
534 1012 665 1072 Graecos
696 1014 805 1072 mirum
838 1021 984 1090 quantum
1013 1013 1198 1073 volubilitati
1224 1034 1366 1074 versuum
1399 1016 1558 1090 studuisse,

205 1121 248 1178 ita
270 1118 403 1197 quidem,
427 1126 460 1175 ut
482 1117 534 1176 vel
556 1118 653 1196 ipsam
676 1137 869 1176 numerorum
883 1119 1062 1177 varietatem
1086 1119 1292 1197 neglegerent,
1316 1140 1406 1180 nemo
1426 1122 1560 1199 prudens

206 1223 338 1300 negabit.
370 1221 478 1288 eodem
512 1219 632 1300 praeter
663 1220 724 1279 alia
755 1220 788 1278 id
818 1241 941 1299 quoque
971 1230 1098 1300 spectat,
1131 1223 1213 1301 quod
1241 1233 1350 1302 poetae
1378 1227 1560 1303 posteriores

206 1327 351 1386 leviorem
382 1326 466 1385 tertii
497 1325 584 1404 pedis
617 1345 780 1397 caesuram,
818 1325 1002 1384 trochaicam
1034 1324 1111 1399 dico,
1144 1324 1222 1386 adeo
1253 1328 1318 1386 fere
1349 1330 1562 1407 praeferebant

206 1419 563 1509 semiquinariae,'quasi
584 1429 638 1487 illa
661 1429 725 1488 sola
747 1429 887 1507 legitima
909 1448 1014 1488 versus
1036 1429 1151 1488 heroici
1173 1439 1253 1490 esset
1268 1451 1392 1490 caesura
1406 1434 1560 1512 primaria.

209 1545 302 1617 atque
325 1533 406 1614 apud
428 1535 527 1608 ipsum
544 1533 743 1592 Theocritum
765 1533 796 1590 in
819 1533 916 1591 isdem
940 1532 1133 1606 carminibus,
1159 1535 1191 1592 in
1214 1534 1324 1613 quibus
1343 1536 1495 1614 spondeus
1516 1548 1562 1597 est

205 1641 401 1718 frequentior,
427 1659 551 1698 caesura
574 1658 695 1718 quoque
718 1639 934 1717 semiquinaria
957 1638 1051 1696 multo
1075 1639 1196 1717 saepius
1219 1640 1374 1699 invenitur
1397 1638 1443 1723 (in
1467 1641 1560 1721 edyll.

205 1744 305 1804 bucol.
324 1745 397 1806 teo
421 1764 527 1803 versus
549 1745 580 1802 in
604 1744 738 1804 centenis
762 1763 798 1802 ea
821 1752 890 1802 sunt
905 1744 1054 1817 instructi,
1079 1745 1110 1802 in
1134 1745 1215 1803 mim.
1233 1746 1317 1817 tte,
1341 1747 1373 1803 in
1389 1747 1484 1825 epicis
1499 1769 1558 1807 non

207 1849 276 1926 plus
300 1848 397 1927 28¹3).
414 1867 481 1932 nee
498 1849 606 1920 minus,
631 1846 713 1926 quod
736 1867 807 1907 usus
831 1846 1016 1927 syllabarum
1039 1834 1110 1906 ante
1133 1856 1244 1906 mutam
1270 1870 1337 1908 cum
1359 1849 1476 1928 liquida
1499 1872 1561 1910 cor-

205 1961 360 2030 repturum
382 1951 476 2009 multo
496 1951 587 2009 latius
611 1959 695 2030 patet
717 1951 750 2009 iu
773 1949 897 2030 edylliis
920 1953 1016 2030 epicis
1040 1972 1130 2029 quam
1154 1953 1186 2010 in
1202 1951 1312 2024 bucol,
1337 1953 1396 2012 huc
1410 1956 1560 2033 pertinet,

207 2076 267 2130 qua
289 2054 327 2114 de
349 2075 383 2113 re
405 2055 443 2113 cf.
468 2055 555 2114 infra.
1205 2126 1208 2133 .
1356 2050 1359 2054 Δ

292 2160 421 2218 Prorsus
452 2160 541 2219 aliter
571 2179 618 2218 res
655 2179 688 2218 se
717 2159 820 2239 habet,
853 2161 880 2221 si
911 2169 1100 2239 comparatur
1137 2180 1204 2219 cum
1236 2161 1411 2221 hexametro
1444 2162 1560 2224 Graeco

207 2273 394 2344 poetarum
431 2264 647 2322 Latinorum
682 2283 810 2321 versus
846 2251 1028 2324 heroicus.
1066 2264 1154 2322 huius
1191 2275 1329 2326 naturam
1362 2266 1511 2326 diversam
1544 2290 1562 2324 a

207 2388 310 2428 versus
327 2367 436 2426 Graeci
452 2366 628 2426 condicione
645 2368 670 2424 si
687 2364 864 2449 Ludwich1)
892 2365 930 2425 ad
947 2366 1081 2426 diversas
1096 2367 1220 2445 linguae
1237 2367 1371 2429 Graecae
1387 2380 1418 2429 et
1432 2369 1562 2430 Latinae

207 2474 339 2531 rationes
363 2473 463 2544 refert,
487 2455 674 2530 nemo'haud
689 2469 782 2531 dubie
804 2471 842 2529 ab
867 2489 901 2531 eo
925 2470 1092 2533 dissentiet.
1121 2472 1199 2530 hanc
1223 2474 1302 2533 enim
1326 2474 1560 2553 discrepantiam

209 2596 268 2635 non
292 2575 331 2634 ad
354 2576 444 2634 unius
468 2577 517 2634 vel
540 2575 665 2654 aliquot,
694 2575 747 2634 sed
770 2575 809 2634 ad
832 2576 965 2634 omnium
988 2585 1145 2654 poetarum
1167 2577 1382 2650 hexametros,⁴
1396 2581 1422 2637 si
1444 2599 1561 2658 compo-

207 2689 319 2738 nuntur
350 2699 418 2738 cum
442 2677 577 2752 Graecis,
610 2680 761 2757 pertinere
793 2677 976 2762 videmus2).
1012 2700 1101 2740 nemo
1129 2689 1230 2740 autem
1256 2683 1283 2740 si
1311 2682 1392 2762 apud
1416 2681 1559 2742 Ovidium

297 2850 317 2920 ¹)
338 2851 378 2903 Of.
401 2851 534 2915 ‘Beitritge
560 2866 583 2900 e.
602 2866 627 2915 q.
645 2851 675 2902 s.’
698 2866 725 2914 p.
742 2853 777 2902 lt
796 2866 846 2916 sq.,
867 2851 915 2901 ubi
936 2853 988 2902 too
1015 2853 1116 2917 priores
1138 2853 1214 2902 Arati
1236 2851 1443 2904 Phaenomenon
1470 2870 1562 2905 versus

208 2940 380 2990 conferuntur
398 2954 459 2990 cum
477 2936 586 2988 totidem
604 2937 725 2989 versibus
743 2938 968 3002 interpretationis
986 2939 1098 2989 Latinae
1116 2954 1134 2988 a
1152 2938 1281 2989 Cicerone
1300 2940 1446 2991 confectae.

295 3023 316 3092 ²)
335 3025 438 3092 Operae
455 3027 569 3091 pretium
592 3029 632 3075 est
649 3026 774 3087 rationes,
793 3040 859 3089 quas
877 3030 972 3088 poetae
992 3023 1087 3075 Graeci
1106 3025 1225 3089 dactylos
1243 3026 1369 3090 spondeis
1387 3032 1563 3093 temperantes

208 3116 292 3166 secuti
315 3119 384 3176 sunt,
413 3114 497 3170 obiter
519 3113 626 3178 quidem
645 3113 768 3170 ‚conferre
796 3128 856 3161 cum
878 3111 1025 3161 rationibus
1048 3127 1065 3161 a
1086 3113 1173 3176 poetis
1190 3113 1294 3172 Latinis
1313 3114 1467 3174 observatis,
1496 3131 1562 3179 quas

155 3211 158 3216 '
208 3201 358 3251 accuratius
378 3200 498 3264 exposuit
515 3198 648 3248 Drobisch
666 3198 683 3246 l.
697 3213 720 3247 c.
733 3212 787 3262 qua
799 3213 833 3246 ex
845 3198 1026 3260 disputatione
1041 3198 1128 3248 elucet
1140 3199 1211 3263 apud
1222 3199 1359 3250 Romanos
1370 3202 1399 3250 in
1410 3203 1563 3251 universum

208 3289 291 3336 multo
306 3286 451 3336 crebriores
467 3300 525 3333 esse
538 3283 669 3348 spondeos
683 3298 762 3349 quam
775 3283 847 3348 apud
860 3282 985 3333 Graecos.
1004 3284 1081 3334 cuius
1089 3277 1131 3334 ‘rei
1144 3301 1226 3335 causa
1238 3285 1402 3336 hauddubie
1413 3288 1476 3337 inde
1488 3304 1563 3352 repe·

207 3373 289 3423 tenda
307 3376 355 3436 est,
373 3370 446 3436 quod
464 3385 550 3420 sermo
564 3370 677 3420 Latinus
694 3369 778 3419 multo
796 3369 986 3443 plures'quam
1005 3370 1124 3422 Graecus
1142 3372 1259 3436 syllabas
1272 3373 1366 3438 longas
1379 3375 1494 3425 exhibet
1512 3376 1563 3425 hoc

208 3461 288 3525 igitur
299 3459 378 3508 modo
396 3460 497 3509 iactum
510 3463 558 3521 est,
576 3463 606 3508 ut
618 3458 718 3508 formae
729 3473 855 3508 versuum
868 3457 992 3523 spondeis
1005 3464 1146 3524 scatentes,
1164 3475 1230 3525 quas
1243 3475 1260 3509 a
1273 3460 1383 3526 Graecis
1400 3462 1479 3511 vitari
1496 3462 1562 3511 vidi-

208 3563 275 3610 mus,
282 3562 298 3596 a
306 3546 434 3596 Romanis
445 3545 632 3596 adhiberentur
641 3546 802 3610 saepissime.
813 3560 875 3596 nam
884 3545 1090 3611 frequentissimi
1099 3547 1171 3612 apud
1179 3547 1319 3612 plerosque
1329 3549 1562 3612 poetasRcmanos

209 3634 380 3697 (Lucretium,
409 3633 551 3695 catullum,
575 3632 728 3696 Vergilium,
751 3632 902 3693 Horatium,
928 3633 1093 3696 Iuvenalem,
1121 3633 1216 3684 Silium
1239 3634 1371 3695 Italicum,
1394 3632 1473 3699 alios)
1501 3643 1563 3683 sunt

208 3735 301 3769 versus
325 3717 479 3770 exhibentes
503 3720 618 3784 speciem
637 3718 721 3782 dsssd,
750 3719 784 3768 ad
807 3735 875 3783 quos
898 3721 1016 3783 proxime
1044 3719 1175 3769 accedunt
1199 3721 1345 3770 hexametri
1362 3721 1464 3770 formae
1482 3721 1563 3772 ddssd

210 3804 296 3873 (cuius
320 3805 392 3855 modi
414 3821 493 3856 versu
516 3806 649 3870 Vergilius
667 3806 821 3869 Aeneidem,
850 3804 962 3855 Ovidius
984 3806 1219 3871 Metamorphoses,
1247 3807 1373 3856 Lucanus
1396 3807 1564 3856 Pharsaliam

209 3892 340 3958 incohat);
361 3892 458 3942 deinde
476 3897 601 3942 secuntur
618 3908 719 3954 versus,
738 3908 851 3957 quorum
867 3897 930 3941 sunt
941 3892 1042 3942 formae
1061 3893 1142 3943 dsdsd
1160 3898 1186 3942 et
1204 3893 1297 3952 sdssd,
1308 3898 1401 3943 contra
1418 3895 1565 3943 hexametri

210 3979 334 4046 spondeis
361 3994 468 4044 prorsus
497 3983 616 4029 carentes
638 3979 711 4044 apud
737 3994 829 4028 omnes
856 3984 949 4042 poetas
971 3979 1082 4028 Latinos
1111 3979 1305 4030 adnumerandi
1329 3986 1391 4028 sunt
1412 3981 1562 4029 rarissimis.

210 4067 283 4117 solus
302 4066 415 4117 Ovidius
433 4067 486 4116 hac
503 4068 531 4115 in
554 4083 583 4115 re
600 4067 681 4131 paulo
704 4066 811 4132 propius
835 4066 869 4114 ad
893 4065 1055 4116 Graecorum
1079 4071 1162 4116 artem
1189 4067 1309 4127 accessit,
1337 4066 1409 4130 apud
1434 4081 1512 4130 quem
1535 4068 1564 4115 in

210 4156 329 4204 centenis
342 4154 462 4204 versibus
476 4156 517 4202 5¹9
535 4155 615 4204 meris
634 4153 746 4219 dactylis
759 4158 889 4204 constant.
908 4152 981 4218 apud
992 4153 1109 4202 Ennium
1128 4152 1227 4202 habent
1245 4153 1393 4202 intotidem
1404 4153 1564 4203 hexametris

211 4256 302 4290 omnes
320 4240 401 4305 pedes
420 4239 566 4304 dactylicos
583 4257 627 4290 vv.
640 4243 691 4305 4¹8,
710 4239 781 4305 apud
798 4239 887 4289 Valer.
905 4240 995 4291 Flacc.
1014 4243 1082 4301 3·75,
1105 4240 1175 4304 apud
1195 4239 1307 4289 Statium
1325 4241 1377 4302 3⁴0,
1398 4239 1469 4303 apud
1486 4241 1565 4290 Inve-

211 4326 298 4376 nalem
317 4333 343 4377 et
360 4329 568 4391 ercanum·2·3,
592 4327 663 4392 apud
685 4327 806 4376 Persium
829 4329 881 4390 w,
903 4329 974 4392 apud
995 4327 1136 4377 Horatium
1159 4327 1203 4392 (de
1221 4331 1277 4376 arte
1294 4324 1386 4391 poet),
1413 4326 1564 4391 Manilium,

212 4411 445 4479 enuntiatae,
464 4416 535 4480 apud
552 4415 705 4464 Lucretium
725 4416 774 4478 rt,
793 4413 867 4480 apud
885 4414 1061 4464 Claudianum
1079 4417 1129 4478 Oi),
1147 4413 1219 4478 apud
1237 4413 1395 4464 Ciceronem
1412 4415 1441 4462 in
1459 4415 1565 4464 Arateis

211 4500 261 4563 ot,
280 4499 352 4564 apud
371 4499 505 4551 Catullum
523 4504 573 4552 tri.
