3300 5059
177 245 240 303 -134

177 434 382 517 rhythmicam
398 443 428 494 ct
444 436 597 495 metricam
616 429 797 516 adfirmat1).
809 442 840 493 et
854 433 1018 506 metricam,
1038 452 1117 512 quae
1133 432 1171 490 ad
1187 429 1282 491 solam
1297 449 1440 510 versuum
1456 452 1533 491 com·

181 542 362 622 positionem
394 546 555 619 spectaret,
588 539 620 597 in
653 538 723 603 solis
756 536 929 618 duplicibus
955 556 1112 596 mensurae
1134 534 1333 595 varictatibus
1361 535 1534 612 consistere,

179 643 385 725 rhythmicam
418 652 528 716 autern,
554 662 632 723 quae
664 641 701 701 ad
737 652 861 723 cantum¹
890 642 1065 721 pertineret,
1098 662 1165 700 cum
1191 660 1399 702 mensurarum
1422 640 1536 701 habere

183 751 371 824 varietatem,
396 759 459 809 tum
483 748 612 828 pedibus
635 748 679 807 uti
702 756 732 807 et
756 747 823 806 aliis
840 755 870 805 et
886 746 974 806 aliter
989 747 1177 805 consociatis.
1202 744 1286 824 ,inde
1300 746 1443 806 metricae
1460 747 1534 805 artis

182 856 327 934 propriae
366 853 562 933 perhibentur
598 851 808 931 productiones
837 851 1101 931 correptionesque
1123 849 1319 929 syllabarum,
1351 859 1382 909 et
1403 850 1533 929 longitu-

183 959 269 1019 dines
285 967 316 1019 et
330 958 505 1031 brevitates,
529 958 718 1039 rhythmicae
742 966 842 1017 autem
865 955 1063 1016 tarditates
1086 978 1127 1035 ac
1149 953 1386 1016 celeritates)
1412 957 1535 1015 omniuo

180 1073 282 1124 autem
306 1065 403 1145 ipsam
425 1064 470 1122 rei
492 1072 631 1122 naturam
654 1062 818 1142 postulare,
847 1070 881 1121 ut
902 1059 1074 1142 pluribus
1097 1079 1199 1139 quam
1222 1060 1345 1139 simpli
1369 1068 1403 1118 et
1426 1058 1536 1141 dupli

179 1170 361 1229 mensuris
398 1188 495 1228 usam
533 1186 612 1227 esse
647 1167 816 1233 musicam
840 1165 1063 1225 Graecorum
1093 1163 1296 1238 credamus,
1334 1163 1415 1246 quod
1447 1164 1535 1223 nimis

179 1274 259 1334 iners
283 1280 313 1332 et
336 1272 418 1332 rudis
449 1274 526 1331 foret
550 1279 663 1346 cantus,
698 1273 748 1351 qui
777 1272 837 1331 nisi
860 1270 990 1350 duplicis
1013 1288 1171 1329 mensurae
1194 1270 1376 1347 varietatem
1396 1290 1457 1329 nou
1480 1270 1532 1329 ad-

181 1379 329 1451 mitteret;
354 1396 585 1456 mensuramque
608 1377 733 1435 metrica
755 1375 898 1435 maiorem
916 1374 1059 1433 exhibere
1075 1373 1231 1434 trochaeos
1253 1381 1418 1453 semantos,
1444 1376 1497 1453 qui
1520 1395 1537 1434 e

182 1482 299 1542 duabus
314 1480 414 1561 longis
429 1480 556 1561 syllabis
573 1487 753 1553 constantes,
770 1481 901 1559 priorem
912 1488 989 1553 octo,
1005 1479 1203 1559 posteriorem
1214 1487 1355 1559 quattuor
1365 1486 1537 1559 temporum

182 1587 315 1647 habeant
338 1605 434 1665 eaque
459 1604 491 1645 re
506 1585 616 1665 integri
632 1583 822 1667 expluribus
838 1582 967 1664 pedibus
982 1582 1109 1643 membri
1125 1583 1224 1643 officio
1239 1585 1412 1662 fungantur.
1436 1605 1537 1645 nonne

181 1691 274 1769 igitur
289 1690 449 1751 Hermann
471 1692 531 1750 iam
555 1690 592 1749 ab
617 1690 767 1749 obstinata
790 1698 888 1750 tactas
911 1688 1127 1749 detrectatione
1149 1690 1282 1763 recessit,
1310 1710 1377 1750 cum
1401 1710 1461 1750 non
1482 1692 1535 1749 im·

181 1784 339 1877 probabile
372 1816 427 1876 per
458 1781 496 1854 se¹
524 1814 589 1855 esse
621 1794 735 1854 diceret
766 1794 940 1874 rhythmum
973 1794 1105 1873 aliquam
1133 1792 1362 1853 similitudinem
1393 1794 1536 1855 habuisse

183 1922 251 1961 cum
285 1920 331 1975 eo,
366 1920 457 1981 quem
489 1899 580 1960 hodie
612 1908 725 1961 tactum
757 1900 861 1959 musici
893 1900 1084 1979 appellarent
1115 1894 1237 1981 (EDM
1265 1900 1359 1980 praei.
1383 1921 1414 1979 p.
1438 1896 1538 1982 vm?

182 2026 251 2065 nam
282 2014 316 2063 ut
347 2014 463 2065 taceam
496 2006 533 2064 ab
562 2007 629 2086 ipso
652 2005 830 2065 Hermanno
853 2004 913 2063 iam
937 2003 1060 2065 concedi
1084 2002 1239 2082 dactylum
1262 2003 1313 2063 vel
1336 2013 1537 2083 anapaestum

184 2106 228 2193 (in
262 2110 400 2171 versibus
432 2110 593 2169 trochaicis
621 2110 671 2169 vel
697 2106 850 2193 iambicis)
881 2094 1017 2188 ,aperte'
1051 2118 1220 2188 temporum
1242 2129 1383 2170 mensura
1405 2110 1539 2171 minores
1647 2126 1649 2189 ξ

183 2234 250 2297 ¹esse
273 2217 351 2275 iusto
376 2214 497 2294 dactylo
521 2216 572 2273 vel
595 2223 759 2295 anapaesto
784 2249 822 2259 -
847 2214 879 2273 id
903 2213 984 2292 quod
1006 2214 1096 2293 primi
1112 2214 1189 2274 Voss
1213 2222 1244 2273 et
1258 2214 1339 2298 Apel
1363 2216 1538 2295 eDionysii

187 2320 360 2403 praeceptis
383 2328 550 2379 statuerant
568 2354 604 2363 —
631 2340 730 2379 nonne
752 2321 877 2402 propius
899 2322 1034 2392 fortasse,
1057 2339 1148 2397 quam
1172 2319 1237 2399 ipse
1259 2320 1348 2377 fateri
1371 2319 1477 2402 voluit,
1501 2320 1538 2379 ad

184 2423 289 2505 Apelii
321 2423 490 2505 ,doctrinam
523 2424 647 2484 accessit
677 2425 710 2483 in
743 2426 802 2484 arsi
825 2423 907 2483 nuda
930 2422 1101 2483 definienda
1134 2418 1178 2506 (p.
1204 2422 1268 2503 68),
1293 2425 1432 2506 quamsi
1455 2425 1538 2505 apud

182 2537 288 2611 poetas
315 2530 468 2589 scaenicos
497 2530 529 2587 in
556 2527 773 2609 monosyllabis
797 2528 957 2607 inprimis
985 2526 1244 2587 interiectionibus
1267 2528 1444 2610 reperiatur,
1478 2549 1539 2588 nou
1647 2525 1649 2566 ²

184 2653 285 2708 carere
308 2653 444 2713 numero,
467 2632 520 2692 sed
543 2654 629 2693 suum
651 2633 763 2693 habere
785 2654 955 2706 numerum,
982 2632 1034 2711 qui
1057 2651 1116 2690 non
1139 2633 1235 2714 possit
1258 2652 1318 2691 non
1341 2633 1372 2693 in
1396 2634 1455 2691 arsi
1471 2634 1538 2713 ipsa

184 2736 368 2821 consistere?
392 2757 491 2811 nonne
514 2738 707 2798 subtilissimo
736 2758 826 2797 sensu
849 2737 1019 2817 rhythmico
1043 2735 1149 2821 ductus
1170 2738 1349 2817 paeonicum
1381 2757 1540 2797 numerum

185 2836 307 2928 (mccc)
335 2862 354 2902 a
381 2842 491 2902 cretico
516 2838 626 2927 (mc-)
650 2841 887 2903 diversissimum
921 2862 987 2902 esse
1018 2841 1106 2901 duxit
1134 2836 1257 2926 (EDM
1288 2861 1319 2920 p.
1346 2844 1406 2903 196
1434 2841 1541 2927 sqq.)?

186 2950 329 3028 ,primum
363 2948 465 3021 cnim’,
499 2949 607 3029 inquit,
645 2948 810 3023 ,fatendum
843 2949 910 3019 erit,
945 2968 1012 3005 cum
1044 2946 1096 3005 alii
1128 2965 1232 3007 versus
1259 2946 1322 3005 fere
1344 2948 1400 3012 toti
1423 2948 1537 3007 cretico

183 3053 265 3133 pede
288 3054 438 3129 incedant,
467 3054 519 3114 alii
542 3062 642 3113 autern
666 3061 838 3114 constanter
860 3053 956 3112 solum
971 3071 1119 3131 paeonem
1134 3050 1277 3125 babeant,
1300 3071 1361 3110 non
1378 3050 1408 3109 id
1424 3061 1540 3112 temere

184 3157 235 3217 vel
270 3178 341 3217 casu
373 3161 484 3219 factum
513 3158 621 3218 videri.
655 3158 764 3218 deiude
796 3159 821 3217 si
843 3158 934 3237 primi
961 3176 1094 3236 paeones
1127 3155 1229 3215 cretici
1267 3164 1376 3227 essent,
1409 3158 1540 3217 maxime
1647 3161 1649 3198 ἕ

186 3263 293 3320 mirum
316 3264 402 3335 foret,
429 3263 626 3344 posteriorem
649 3263 750 3344 potius
774 3262 864 3320 arsim
886 3262 964 3321 solvi
988 3280 1077 3339 quam
1101 3261 1254 3339 priorem.
1274 3304 1306 3321 ..
1325 3259 1457 3338 denique
1478 3260 1540 3319 hoc
1647 3313 1649 3320 .

186 3384 306 3450 quoque
329 3364 490 3425 observatu
512 3365 636 3443 dignum
660 3375 705 3425 est
726 3367 857 3444 tragicos
878 3367 995 3425 creticis
1015 3365 1220 3444 potiusquam
1242 3365 1347 3442 primis
1368 3366 1539 3444 paeonibus
1647 3410 1649 3450 :

190 3488 260 3528 usos
284 3488 359 3542 esse,
382 3488 515 3548 paeones
539 3477 638 3528 autem
661 3468 730 3527 illos
753 3469 912 3547 reliquisse
935 3470 1064 3529 comicis.
1101 3479 1204 3539 contra
1226 3468 1341 3547 quartis
1369 3469 1541 3548 paeonibus
1647 3459 1649 3466 ¹

188 3568 328 3655 (πμ),
354 3574 384 3633 in
409 3572 518 3652 quibus
541 3573 634 3633 multo
659 3574 753 3632 maior
775 3575 821 3632 vis
846 3595 881 3634 ac
897 3573 1089 3633 vehementia
1112 3594 1201 3652 quam
1225 3574 1377 3653 inprimis
1394 3575 1537 3648 cernitur,

192 3677 239 3735 usi
261 3676 403 3737 videntur
426 3679 541 3757 tragici,
567 3698 634 3737 cum
651 3678 766 3752 comici,
791 3677 871 3757 quod
888 3698 944 3756 ego
960 3678 1061 3752 sciam,
1087 3679 1129 3737 eis
1146 3676 1365 3738 abstinuerint)
1391 3677 1448 3737 hac
1464 3698 1539 3737 vero

193 3780 386 3841 distinetione
409 3781 512 3841 subtili
535 3783 673 3842 instituta
695 3784 822 3842 sensisse
844 3783 945 3862 potius
962 3783 1178 3857 Hermannum,
1203 3802 1261 3861 quo
1286 3790 1350 3841 erat
1373 3782 1537 3861 elegantis-

190 3887 264 3946 simo
288 3888 403 3945 aurium
428 3886 549 3968 iudicio,
582 3906 673 3967 quam
703 3888 915 3966 pronuntiasse
946 3894 1086 3969 putamus
1115 3887 1239 3945 alteram
1262 3888 1364 3945 cretici
1389 3894 1419 3946 et
1441 3889 1542 3965 quarti

185 3991 311 4074 paeonis
334 3993 423 4051 arsim
447 4012 506 4052 non
531 3991 655 4050 duarum
678 4012 828 4051 morarum
851 3999 1080 4072 repraesentare
1102 3991 1175 4065 vim,
1213 3990 1265 4050 sed
1298 4011 1353 4070 per
1375 4010 1408 4051 sc
1430 3990 1542 4069 pedem

187 4098 310 4177 explere
341 4098 556 4169 catalecticum,
591 4100 675 4156 cuius
707 4118 821 4157 moram
855 4096 1046 4156 deficientem
1078 4116 1132 4153 nos
1167 4095 1288 4174 quidem
1322 4104 1373 4153 aut
1406 4095 1536 4154 ultimae

186 4202 325 4281 syllabae
347 4210 419 4262 tone
443 4210 494 4261 aut
516 4222 612 4281 pausa
636 4202 820 4281 supplemus.
855 4241 857 4245 »

192 4357 396 4368 *—

276 4446 296 4509 ¹)
314 4446 348 4497 V.
366 4446 595 4497 dissertationem:
609 4445 642 4495 de
655 4448 730 4496 metr.
747 4461 771 4511 q.
789 4461 825 4495 m.
836 4446 875 4495 rh.
889 4444 907 4495 l.
920 4460 943 4496 c.
956 4461 982 4509 p.
997 4445 1047 4494 106
1059 4460 1098 4510 sq.
1111 4443 1147 4509 (a.
1162 4445 1251 4509 1815),
1263 4444 1322 4493 ΕΙ)
1334 4444 1363 4493 Μ
1375 4457 1402 4508 p.
1415 4442 1467 4493 660
1480 4458 1544 4508 sqq,

193 4528 264 4595 Epit.
283 4531 317 4583 D.
335 4532 371 4582 Μ.
391 4548 414 4582 c.
433 4532 484 4584 VH
503 4533 553 4602 ,nde
573 4533 677 4584 numeri
696 4533 791 4584 musici
810 4547 870 4583 cnm
889 4533 1001 4582 metrico
1020 4527 1223 4581 coniunctionc’
1242 4533 1266 4595 5.
1285 4532 1319 4580 60
1336 4544 1376 4594 sq.
1397 4544 1423 4593 p.
1437 4528 1470 4579 16
1482 4544 1544 4595 sqq.
