3300 5059
162 214 226 275 150

238 408 329 486 sept.
356 409 418 467 862
436 426 481 486 sq.
493 406 607 466 =868
624 424 674 484 sq:

205 522 254 574 str.
278 515 448 595 πατρῴους
457 510 580 591 δάμους
594 508 732 583 ἑλόντες
747 509 857 590 μέλεοι
866 508 929 571 σὺν
938 508 1036 591 αἰχμᾷ
1045 547 1062 568 ο
1072 540 1118 569 n-
1133 561 1156 569 -
1169 540 1217 568 ..n
1226 543 1275 568 en
1287 540 1291 590 l
1302 538 1357 569 a...
1371 561 1388 568 -
1397 537 1447 569 on
1459 562 1483 569 -

194 625 254 677 ant.
278 616 413 694 ἰδόντες,
435 614 497 697 ἤδη
521 613 721 695 διήλ-λαχθε
745 613 806 674 σὺν
830 613 962 698 σιδάρῳ.
1045 643 1485 697 ..amicastu-om-

165 740 302 814 Schuetz,
340 739 393 819 qui
428 736 512 809 haec,
556 744 589 796 ut
623 738 666 795 ait
695 735 786 811 Weil,
825 734 864 794 ad
903 735 1134 817 antistrophicos
1171 756 1310 797 numeros
1340 708 1516 815 corrigenda

162 864 227 905 esse
262 844 339 903 bene
379 841 578 920 intellegeret,
610 842 652 901 ita
682 841 777 901 verba
808 842 993 921 transposuit
1024 841 1147 922 δόμους
1178 848 1349 927 πατρῴους
1379 840 1515 919 ἑλόντες,

162 949 273 1009 Weilio
305 950 363 1027 ipsi
393 946 468 1005 haec
499 954 651 1025 praestare
678 944 797 1005 videtur
829 947 1019 1026 transpositio
1048 946 1077 1009 δ.
1107 944 1131 1008 ἑ.
1159 966 1193 1009 π.
1226 946 1320 1005 Dind.
1347 945 1514 1005 Lachman-

161 1056 285 1115 nianum
307 1052 340 1115 τί
353 1052 393 1134 δή
415 1070 470 1132 pro
493 1058 602 1131 poetae
618 1050 719 1111 verbis
742 1050 887 1110 vendidit.
913 1070 991 1131 quae
1007 1052 1108 1110 omnia
1124 1051 1198 1111 nihil
1215 1050 1297 1110 aliud
1312 1050 1517 1111 demonstrant

163 1161 220 1221 uisi
243 1159 325 1219 etin
349 1166 399 1220 str.
423 1165 454 1216 et
475 1158 506 1215 in
531 1164 591 1215 ant.
616 1175 775 1233 germanas
799 1163 902 1215 extare
924 1156 1094 1236 scripturas.

252 1281 334 1360 sept.
359 1280 562 1340 954=969:

208 1394 258 1447 str.
282 1384 331 1457 ἰώ,
355 1382 560 1465 πανδάκρυτε
583 1384 623 1444 σύ

197 1498 258 1550 ant.
282 1489 329 1553 ὁδ’
346 1488 427 1551 ἵκεθ’
446 1485 489 1561 ὡς
511 1486 713 1551 κατέκτανεν.
787 1516 1015 1546 anostra-

147 1617 194 1684 ,in
211 1611 333 1693 strophe
349 1611 524 1670 alterutrum
540 1608 619 1668 Med.
637 1607 676 1670 ἰὼ
693 1628 834 1689 expungo
851 1628 919 1667 cum
932 1607 1131 1681 Blomfieldio,
1157 1628 1235 1688 quae
1252 1628 1298 1667 res
1314 1608 1459 1668 levissimi
1475 1618 1520 1668 cst

164 1718 316 1792 momenti,
345 1724 449 1777 contra
470 1715 675 1797 πανδάκρυτε
708 1714 871 1792 genuinum
895 1732 961 1773 esse
984 1732 1092 1774 censeo
1120 1708 1171 1792 (cf.
1201 1714 1263 1772 641
1288 1707 1314 1775 ὦ
1336 1712 1519 1796 πανδάκρυ-

160 1847 218 1889 τον
251 1822 339 1905 ἀμδν
374 1819 514 1883 Οἰδίπου
546 1814 664 1901 γένος).
703 1839 794 1899 quam
828 1819 866 1878 ob
898 1838 962 1878 rem
985 1837 1085 1898 neque
1108 1819 1151 1876 eis
1174 1816 1334 1892 adsentior,
1364 1819 1416 1897 qui
1438 1818 1519 1877 hano

165 1950 270 1991 vocem
293 1928 498 1997 adtrectarunt
526 1921 579 2005 (te
602 1923 694 1985 πόλει
717 1922 855 2006 δακρυτὲ
878 1924 919 1986 ού
942 1922 1118 1983 Lachmann
1142 1923 1311 2001 suspicatus
1334 1930 1387 1995 est,
1417 1921 1456 1985 ἰὼ
1480 1921 1519 1984 ἰὼ

165 2032 303 2116 δακρυτὲ
323 2032 365 2093 ού
382 2030 495 2100 Herm,
520 2027 558 2089 ἰὼ
582 2024 620 2088 ἰὼ
644 2027 808 2110 πάνδυρτε
832 2027 872 2089 σύ
893 2024 1034 2111 Ritscbl),
1055 2048 1154 2107 neque
1169 2028 1292 2086 Halmio
1316 2024 1355 2088 te
1379 2027 1420 2089 σὺ
1442 2044 1521 2094 παν-

167 2137 305 2221 δάκρντέ
325 2156 377 2199 τοι
398 2133 589 2215 praeferenti.

254 2258 359 2338 Suppl.
386 2258 446 2317 143
463 2275 508 2335 sq.
521 2282 563 2307 =
575 2256 636 2315 153
653 2276 714 2335 sq.:

210 2372 259 2425 str.
284 2360 361 2425 οὐδὲ
383 2360 551 2442 μέμφομαι
572 2360 732 2435 τε-λευτδις
754 2360 781 2421 δ’
793 2358 830 2421 έν
851 2359 957 2443 χρόνῳ
1103 2392 1128 2421 n
1138 2398 1155 2419 o
1166 2413 1186 2420 -
1196 2398 1212 2419 ο
1222 2400 1270 2423 ,a
1282 2394 1285 2440 l
1297 2391 1321 2420 m
1334 2394 1381 2419 l-
1393 2391 1473 2420 rc-

201 2478 261 2529 ant.
284 2467 381 2529 παντὶ
403 2464 439 2528 δὲ
462 2465 573 2528 σθένει
595 2465 777 2546 διωγμοῐοι
799 2465 827 2526 δ’
844 2463 1016 2545 ἀοφαλέας.
1105 2495 1354 2547 οιΑ-ομ-
1368 2496 1473 2544 onoc-

167 2610 263 2672 nuper
285 2589 340 2649 hos
353 2608 459 2648 versus
480 2586 748 2647 innumerabilibus
772 2588 950 2646 coniecturis
973 2586 1158 2660 defoedatos,
1184 2608 1258 2667 quos
1275 2587 1393 2647 adferre
1407 2587 1521 2662 taedet,

168 2694 335 2757 Buecheler
358 2692 437 2755 Mus,
463 2692 559 2753 Rhen.
585 2692 643 2754 XL
660 2686 774 2777 (1885)
798 2713 828 2771 p.
847 2694 910 2752 627
934 2692 1005 2751 satis
1027 2700 1114 2751 caute
1137 2694 1180 2751 ita
1202 2692 1377 2772 aequandos
1399 2691 1522 2765 studuit,

168 2810 200 2861 ut
227 2824 239 2862 ι
271 2809 301 2859 et
331 2798 359 2861 δ’
383 2798 489 2859 litteris
522 2798 660 2857 extinctis
687 2797 843 2879 διωγμοῖς
869 2796 1013 2856 scriberet
1033 2798 1077 2856 ita
1098 2799 1340 2878 interpretatum·
1355 2796 1426 2871 ‚hlit
1447 2796 1523 2855 aller

168 2904 271 2964 Macbt
300 2902 372 2962 aber
399 2903 456 2962 soll
483 2922 540 2962 uns
565 2900 626 2961 den
648 2900 878 2980 Verfolgungen
901 2900 1075 2980 gegenliber
1096 2901 1325 2980 unbeawungen
1349 2899 1398 2960 die
1421 2899 1523 2960 Unba·

168 3028 333 3088 zwungene
367 3006 546 3067 bewahren'.
580 3014 611 3065 at
633 3006 712 3081 vide,
746 3027 817 3066 num
851 3006 923 3087 quid
953 3008 1009 3067 tibi
1037 3006 1205 3087 displiceat,
1237 3007 1262 3067 si
1285 3006 1370 3066 nulla
1391 3005 1524 3065 litterula

169 3122 284 3175 mutata
306 3113 462 3173 nobiscum
485 3114 528 3171 ita
543 3120 657 3171 vertas:
681 3110 779 3187 ,Aller
794 3110 897 3171 Macbt
912 3111 985 3171 aber
1006 3111 1068 3171 und
1093 3111 1149 3171 den
1166 3111 1397 3189 Verfolgungen
1412 3129 1524 3190 gegen·

169 3220 266 3279 liber.
286 3262 292 3276 .
311 3215 329 3279 .'
1439 3226 1442 3231 “

258 3321 317 3399 Ag.
344 3322 545 3381 172=180:

216 3434 268 3487 str.
292 3425 390 3489 τοῦτό
412 3446 467 3487 νιν
488 3424 699 3507 προσεννέπω
741 3454 767 3487 n
787 3456 956 3486 aas..-

206 3538 266 3591 ant.
292 3528 391 3593 οὐδὲν
412 3525 499 3603 λέξαι
521 3529 599 3614 πρὶν
623 3531 679 3592 ὤν.
743 3550 1196 3592 ‡„m„.·.o-s.u.--n..-
1284 3594 1286 3600 ,

172 3648 319 3733 syllabae
343 3650 483 3710 damnum
515 3650 547 3710 in
576 3660 636 3710 ant.
675 3653 785 3711 sarcire
827 3653 921 3712 critici
959 3654 1044 3711 vario
1075 3654 1164 3712 modo
1197 3654 1295 3719 conati
1326 3660 1408 3712 sunt:
1446 3650 1524 3715 οὐδὲ

170 3754 292 3833 λέξεται
315 3752 356 3814 Η.
369 3756 405 3814 L.
429 3754 549 3814 Ahrens
573 3756 699 3835 scripsit,
724 3754 754 3813 id
779 3756 858 3835 quod
881 3755 1069 3816 Kirchhoffio
1093 3766 1122 3816 et
1141 3756 1315 3816 Wecklinio
1338 3757 1523 3818 verisimile

171 3861 298 3933 videtur,
331 3859 430 3923 οὐδὲν
456 3859 498 3921 ἀν
524 3856 611 3936 λέξαι
642 3860 780 3932 Schuetz,
815 3859 962 3942 οὐδαμοῦ
990 3857 1076 3936 λέξαι
1115 3861 1193 3944 πρὶν
1221 3860 1260 3923 ὂν
1291 3859 1375 3926 QG.
1407 3862 1522 3941 Haupt,

172 3964 270 4028 οὐδὲν
293 3961 401 4041 ἀξεται
423 3964 603 4044 Conington,
628 3963 726 4028 οὐδὲν
749 3964 883 4047 ἀρκέσαι
905 3965 943 4026 0.
960 3966 1079 4039 Muller,
1104 3964 1165 4027 οὐκ
1187 3962 1330 4040 ἀλέξεται
1343 3964 1445 4038 Prien,
1462 3965 1525 4029 οὐκ

172 4068 296 4145 ἀέξεται
322 4070 436 4148 Bergk,
469 4069 521 4129 alii
550 4067 619 4132 alia.
664 4078 698 4129 ut
730 4090 827 4128 meam
861 4068 993 4129 breviter
1025 4070 1190 4148 significem
1224 4070 1411 4137 sententiam,
1448 4070 1523 4129 nihil

172 4175 346 4236 mutandum
370 4194 485 4248 censeo,
510 4176 567 4234 nisi
591 4175 670 4253 quod
692 4175 844 4235 lenissima
859 4174 978 4235 medela
1001 4174 1134 4234 adhibita
1157 4184 1210 4232 aut
1233 4173 1331 4237 οὐδὲν
1346 4170 1427 4248 λέξει
1442 4174 1522 4257 πρὶν

168 4279 220 4353 Ιδδν
245 4289 297 4341 aut
320 4280 389 4344 οὐδ’
406 4278 447 4342 ἀν
468 4276 555 4355 λέξαι
578 4280 756 4358 scripserim,
783 4288 815 4339 ut
835 4282 985 4360 optativus
1009 4300 1075 4339 cnm
1098 4278 1140 4341 ἀν
1162 4279 1318 4338 indicativi
1341 4280 1433 4338 futuri
1455 4280 1523 4338 vice

174 4386 326 4462 iungatur,
349 4383 381 4442 id
406 4382 485 4463 quod
508 4384 628 4463 saepius
650 4384 692 4458 fit,
716 4385 754 4444 cf.
778 4382 833 4445 Ar.
857 4384 935 4444 Ach.
959 4387 1021 4445 403
1047 4384 1087 4448 οὐ
1109 4385 1172 4467 γὰρ
1187 4383 1229 4446 ἂν
1247 4382 1428 4465 ἀπέλθοιμ’,
1444 4375 1524 4445 otto

173 4487 267 4564 κόψω
289 4488 349 4569 τὴν
370 4488 493 4568 delorem
528 4490 616 4569 plura
644 4488 815 4570 suppeditat
844 4491 985 4570 exempla
1012 4492 1151 4567 Krueger
1175 4492 1226 4563 54,
1251 4493 1280 4548 3.
1306 4490 1335 4547 7.
1375 4488 1522 4568 Aeschyli
