3300 5059
1405 266 1466 324 209

200 446 308 525 Neque
336 454 455 504 nostrae
482 446 590 504 aetatis
613 446 693 505 viros
717 446 850 507 eruditos
878 449 953 507 haee
977 468 1023 509 res
1046 452 1138 528 fugit3
1171 452 1267 511 veluti
1291 454 1466 512 Heirnsoeth

111 549 275 610 verborum
308 549 577 630 rhythmorumque
601 553 761 630 oopcentui
782 559 901 612 tantum
923 552 1037 634 tribuit,
1072 565 1106 615 ut
1137 556 1208 615 inde
1231 555 1465 637 depromendum
1502 534 1503 537 Ἴ

112 675 176 715 esse
205 662 355 726 statueret
381 654 527 714 indicium
553 655 605 715 vel·
630 654 805 735 probandae
833 656 970 716 lectionis
993 659 1041 718 vel
1065 659 1279 739 improbandae
1304 660 1466 735 (,Wieder·
1499 732 1500 735 ρ

110 756 314 839 herstellung'
338 782 369 839 p.
394 762 457 826 305
486 768 517 819 et
539 755 626 844 315).
660 761 733 820 scite
766 759 877 819 deinde
909 759 947 821 de
977 761 1025 821 his
1057 762 1146 822 rebus
1177 773 1304 843 egerunt
1335 766 1464 824 triremis

111 866 276 945 praecipue
299 866 443 945 respectis
465 885 526 925 non
548 864 592 923 ita
614 872 725 939 tamen,
748 873 782 924 ut
805 884 855 924 eas
882 864 919 924 ad
941 866 1031 926 finem
1046 887 1143 947 usque
1157 867 1323 949 perducere
1339 870 1464 944 vellent,

113 969 217 1030 Christ
238 967 397 1054 (Beitrttge
420 991 473 1029 nur
495 968 608 1029 Metrik
630 968 684 1029 der
709 970 821 1049 griech.
846 968 979 1050 Lyriker
1006 991 1036 1034 u.
1060 972 1263 1047 Dramatiker,
1287 971 1355 1037 Act.
1381 968 1465 1033 acad.

112 1074 173 1133 litt.
189 1074 264 1135 Bar.
284 1076 378 1148 1869,
395 1075 421 1146 Ι,
437 1096 468 1153 p.
480 1075 542 1133 443
559 1076 653 1154 sqq),
676 1073 845 1151 Brambaeh
864 1075 961 1149 (Metr.
980 1074 1063 1135 Stud.
1081 1098 1118 1135 nu
1135 1076 1226 1158 Soph.
1242 1098 1272 1157 p.
1293 1079 1352 1139 139
1371 1074 1462 1159 sqq),

110 1171 153 1237 H.
179 1177 323 1259 Schmidt,
346 1178 469 1240 Kunstf.
492 1178 518 1253 I,
542 1200 573 1258 p.
598 1179 659 1238 146
684 1198 762 1259 sqq,
784 1180 841 1253 IV,
864 1200 894 1259 p.
921 1181 982 1239 538
1006 1201 1051 1260 sq.
1075 1178 1144 1265 ai.¹)

198 1284 271 1343 Post
303 1283 410 1343 horum
440 1284 532 1362 igitur
553 1282 686 1342 virorum
718 1304 803 1345 curas
835 1304 936 1345 rursus
970 1284 1129 1364 adgressus
1155 1285 1234 1345 hanc
1261 1287 1466 1367 quaestionem

110 1371 236 1449 nonita
258 1408 323 1447 sum
346 1387 561 1468 disputaturus,
595 1388 681 1468 quasi
712 1408 834 1468 prorsus
862 1410 941 1449 nova
972 1410 1072 1470 neque
1103 1412 1265 1471 numquam
1294 1392 1467 1451 antedicta

108 1494 201 1553 veiim
233 1494 367 1574 proferre
393 1493 446 1552 vel
476 1495 598 1573 possim,
631 1493 683 1554 ssd
715 1514 824 1574 operae
853 1495 982 1574 pretium
1012 1496 1087 1555 duco
1115 1496 1173 1556 hoc
1204 1517 1324 1577 quoque
1357 1498 1464 1577 capite,

109 1608 142 1657 ut
175 1600 285 1679 priore,
319 1599 437 1658 omnia
464 1600 651 1658 trisemarum
675 1599 815 1680 exempla
839 1600 943 1660 ordine
966 1601 1111 1682 disposita
1134 1602 1229 1661 oeulis
1253 1602 1398 1675 subicere,
1432 1610 1465 1661 ut

109 1704 282 1785 perspicere
304 1705 410 1784 possis,
436 1724 525 1785 quem
548 1703 722 1763 admodum
737 1704 911 1801 Aeschylus
927 1714 956 1763 et
972 1704 1136 1784 Sophocles
1150 1707 1181 1765 in
1200 1706 1242 1765 eis
1259 1705 1461 1766 adsciscendis

111 1828 253 1869 numeros
276 1808 569 1870 accommodaverint
592 1808 630 1867 ad
653 1810 868 1869 sententiarum
891 1810 954 1868 vim
977 1818 1008 1869 et
1030 1818 1178 1870 naturam.
1456 1876 1461 1881 p

85 1941 88 1945 ⁴
195 1914 294 1994 Saepe
328 1934 453 1974 numero
484 1913 585 1973 theses
617 1932 796 1994 suppressae
829 1934 972 1993 arcesque
1002 1934 1118 1973 summa
1149 1915 1180 1973 vi
1213 1914 1401 1974 conlidentes
1435 1925 1466 1973 et

109 2019 196 2098 quasi
211 2038 313 2079 secum
328 2019 477 2079 luctantes
492 2020 525 2077 in
540 2018 703 2097 tragoediis
718 2018 762 2078 ibi
777 2020 978 2099 reperiuntur,
995 2019 1056 2079 ubi
1072 2028 1209 2079 mentes
1226 2018 1464 2079 acerbissimo

108 2123 234 2183 dolore
264 2113 464 2199 laceratae,
499 2126 644 2201 ingenti
680 2124 774 2184 malo
810 2125 1002 2203 perculsae
1035 2124 1308 2198 describuntur,
1341 2123 1465 2204 diique

107 2229 330 2289 invocantur
353 2230 536 2289 servaturi
558 2228 696 2288 talibus
718 2228 826 2288 rebus
849 2229 1033 2291 adflictos.

661 2346 663 2351 ·
733 2334 845 2394 Aesob.

200 2439 283 2499 Pers.
315 2439 317 2442 ’
355 2440 418 2499 960
438 2460 483 2519 sq.
499 2440 636 2503 νεόκοτα
658 2438 725 2501 καλ·
748 2440 821 2501 δάι’.
846 2440 936 2519 αι’-αῖ,
959 2441 1149 2519 διαίνεσθε,
1173 2440 1309 2523 Πέρ-σαι

354 2545 415 2603 639
437 2564 482 2622 sq.
499 2543 617 2619 λέν-τος
638 2544 678 2605 τδι
700 2546 848 2606 παναίολ’
866 2544 975 2627 αἰ-ανῆ
999 2546 1149 2628 δύσθροα
1171 2546 1318 2627 βάμματα

196 2649 277 2729 Sept.
349 2649 410 2708 831
433 2668 479 2729 sq.
497 2644 578 2729 ἦλθε
601 2649 629 2710 δ’
646 2648 910 2731 αό-ακτδιπήμαπ
935 2650 974 2712 οὐ
997 2653 1082 2736 λόγῳ

352 2754 414 2813 875
431 2774 480 2833 sq.
491 2753 578 2816 αἰαῖ·
601 2752 776 2834 δαιμόνιοι,
796 2753 801 2835 Ι
821 2752 903 2815 αἰαῖ·
926 2754 954 2815 δ’
972 2753 1160 2837 ἀντιφόνων

195 2860 283 2919 Eum.
349 2860 411 2936 943
434 2878 480 2938 sq.
496 2858 569 2939 μηδ’
593 2859 739 2939 ἄκαρπος
761 2857 899 2939 αλ-α-νὴς
922 2856 1086 2941 ἐφερπέτω
1110 2859 1208 2933 νόσος

194 2964 278 3024 Pers.
327 2964 411 3023 1008
493 2961 532 3025 ἰὼ
557 2962 619 3035 re,
644 2962 796 3045 δαίμονες

197 3078 199 3082 ’
255 3070 479 3130 1070--1074
496 3067 535 3130 ἰὼ
559 3067 620 3145 le,
643 3067 762 3151 Περσὶς
784 3063 840 3130 αἶα
863 3068 1022 3151 δύσβατος

314 3156 410 3234 γ1075
418 3191 484 3252 sqq.
492 3171 524 3253 ἰὴ
547 3171 604 3254 lq,
625 3173 920 3256 τρι-σκόλ-μοι-σιν,

492 3276 524 3358 λδ]
548 3276 602 3358 iri,
624 3278 755 3360 βάρισιν
778 3278 929 3360 ὀλόμενοι

396 3382 467 3444 XO.
491 3380 634 3463 πέμ-ψω-
656 3382 710 3445 τοί
730 3398 767 3445 σε
788 3382 967 3467 δυσθρόοις
988 3380 1080 3465 γόοις

196 3485 279 3568 Sept.
349 3489 413 3549 860
496 3485 534 3549 ἰὼ
558 3484 610 3549 ἰὼ·
633 3486 817 3570 δύσφρονες
841 3512 881 3541 =
905 3491 966 3549 866
992 3486 1030 3550 ἰὼ
1055 3486 1107 3550 ἰδι-
1131 3487 1291 3570 δωμάτων

347 3593 409 3651 933
431 3611 476 3672 sq.
494 3588 546 3652 ἰδι-
569 3593 712 3665 πολ-λοϊς
735 3590 982 3667 ἐπανθίσαντες

452 3734 463 3739 --
494 3696 639 3758 πόνοι-σι
660 3696 778 3777 γενεάν

295 3801 475 3861 962=e77
493 3800 544 3862 ἰδι-
566 3801 682 3883 Μοῖρα
704 3802 934 3884 βαρυδότει-ρα
956 3803 1079 3885 μογερά

236 3958 241 3967 .
273 3892 277 3896 ’
347 3907 411 3967 990
432 3925 475 3985 sq.
493 3907 566 3968 AN.
591 3903 629 3967 ἰὼ
653 3903 704 3966 ἰδι-
728 3905 900 3968 δυστόνων
922 3915 1033 3970 κακῶν
1055 3904 1135 3984 ἄναξ

494 4012 554 4073 ΙΣ.
591 4009 644 4073 ἰδι-
667 4010 814 4074 πόν-των
837 4012 1118 4075 πολυστονώτατοι

196 4202 216 4270 ¹)
236 4203 277 4255 cf.
295 4209 420 4269 praetera
439 4203 568 4264 Gsvaert:
588 4204 667 4267 ,Hist
680 4209 708 4253 et
725 4202 809 4254 theor.
829 4204 861 4253 de
881 4203 908 4253 la
926 4202 1136 4255 mus.del’ant.’
1153 4202 1243 4254 11109
1262 4203 1329 4268 ,Ces
1347 4202 1461 4269 longues

106 4291 141 4341 de
169 4292 235 4342 trois
264 4295 291 4341 et
318 4290 351 4342 de
379 4294 474 4356 quatre
501 4297 589 4357 temps
613 4308 643 4342 se
662 4289 787 4356 joignent
811 4290 844 4341 de
861 4288 1017 4357 prdfdrence
1036 4287 1053 4341 δ
1071 4291 1119 4341 des
1137 4290 1264 4356 syllabes‚
1291 4292 1337 4357 qui
1355 4295 1461 4357 portent

107 4376 225 4428 l’accent
253 4377 411 4444 pathetique
430 4405 462 4415 ·—
481 4376 673 4444 interjectione,
703 4380 756 4428 cris
785 4378 817 4429 ds
846 4378 959 4429 douleur
978 4406 1011 4415 -
1031 4382 1058 4429 et
1080 4394 1113 4428 en
1132 4375 1243 4444 gdneral
1260 4392 1314 4429 aux
1332 4375 1460 4429 dle'ments

107 4465 146 4517 du
172 4462 296 4532 langage,
325 4463 361 4516 oh
389 4481 418 4516 ss
446 4463 538 4517 reflete
565 4466 741 4517 directsment
763 4466 791 4515 la
809 4466 938 4517 situation
959 4467 993 4517 ds
1010 4464 1097 4528 l'dme,
1125 4482 1170 4517 sur
1187 4464 1307 4531 lesquels
1326 4481 1379 4516 une
1398 4465 1460 4516 ideo

105 4550 263 4619 melodique
281 4554 371 4619 puisse
389 4552 513 4603 s'asseoir
531 4558 556 4603 et
574 4569 602 4603 se
622 4550 786 4620 ddvelopper
804 4568 871 4602 avec
890 4552 1026 4619 empleur‘

149 4637 204 4673 nr...
216 4637 265 4681 pru.
278 4637 334 4673 urna.
346 4639 362 4672 1.
1305 4644 1338 4695 14
