3300 5059
518 1283 731 1389 OAPU'l'
763 1282 1066 1387 TERTIUM.

227 1467 280 1594 De
301 1465 468 1573 ‘syllabis
494 1465 536 1550 in
563 1469 807 1552 tetrasemam
832 1460 1111 1575 longitudinem
1140 1460 1351 1589 productis.
1437 1531 1439 1534 -

122 1713 125 1721 ι
202 1681 286 1740 Inter
323 1700 436 1755 omnes,
476 1682 528 1761 qui
564 1680 603 1740 aul
635 1683 817 1741 canticorum
850 1682 976 1739 formam
1008 1679 1208 1760 rhythmicam
1241 1678 1468 1740 describendam

117 1786 249 1845 animum
273 1784 436 1865 adplicant,
460 1786 619 1846 tri'semis
643 1784 792 1863 acciendis
812 1783 1052 1863 longitudinibus
1069 1782 1203 1864 rhythmi
1219 1782 1467 1864 aequabilitatem

120 1910 184 1951 esse
216 1890 458 1950 constituendam
491 1889 583 1952 hodie
617 1899 742 1951 constat.
781 1890 843 1949 iam
879 1891 905 1949 si
944 1890 1090 1969 anonymi
1121 1908 1212 1970 supra
1244 1891 1468 1951 commemorati
1493 1880 1495 1883 ⁵

117 1995 283 2055 doctrinam
307 1993 345 2053 de
368 2002 530 2053 tetrasema
551 2002 787 2075 pentasemaque
810 1994 870 2052 arsi
892 1988 1056 2073 respiciens
1078 1992 1136 2051 hac
1158 1992 1196 2052 de
1219 2012 1251 2052 re
1272 1994 1304 2052 in
1319 1991 1468 2076 Aeschyli

119 2097 340 2179 Sophoclisque
364 2098 484 2159 choriea
505 2099 708 2179 inquisiveris,
732 2099 806 2160 arsis
830 2097 985 2177 quinariae
1008 2092 1181 2177 exemplum
1194 2090 1312 2167 nullum
1328 2098 1474 2172 invenies

121 2205 152 2264 in
174 2203 338 2281 tragoediis
347 2201 382 2285 ¹),
406 2206 618 2283 quaternarias
641 2212 746 2264 contra
761 2204 886 2283 aliquot,
912 2203 995 2263 cuius
1010 2204 1055 2263 rei
1070 2211 1171 2262 tamen
1186 2196 1246 2263 nen
1263 2204 1307 2262 ita
1322 2202 1469 2263 exhausta

122 2317 168 2368 est
197 2315 266 2388 post
295 2308 429 2368 virorum
446 2308 616 2369 'doctorum
651 2310 736 2371 curas
766 2308 901 2382 materia,
935 2305 969 2367 ut
1000 2308 1108 2368 iterum
1141 2328 1208 2368 eam
1239 2326 1302 2368 rem
1337 2308 1469 2368 breuiter

118 2415 352 2488 examinaturus,
376 2421 415 2473 rie
437 2416 547 2495 γλαῦκ’
571 2414 722 2495 Ἀθήναζε
745 2414 875 2486 audiam,
898 2432 1014 2475 verear.
1406 2406 1410 2413 ’

204 2520 253 2578 De
278 2518 338 2579 arsi
364 2518 437 2592 sola,
467 2527 616 2597 quatenus
643 2520 674 2577 in
698 2518 836 2578 versibus
863 2517 1024 2598 dactylicis
1048 2518 1212 2591 invenitur,
1242 2511 1368 2578 cohibeo
1391 2517 1468 2577 iudi·

117 2626 205 2697 cium,
238 2622 359 2703 quando
388 2622 509 2703 quidem
541 2624 650 2682 nostris
673 2621 816 2682 subsidiis
840 2620 878 2681 ad
902 2622 1050 2701 liquidum
1074 2622 1200 2702 perduci
1223 2622 1340 2702 nequit,
1368 2630 1469 2681 utrum

117 2748 222 2789 versus
250 2727 296 2785 illi
323 2727 421 2806 plenis
444 2727 611 2787 tetrasemis
632 2727 799 2806 procedant
821 2726 951 2807 dactylis
975 2747 1014 2785 an
1036 2728 1166 2788 trisemis
1190 2726 1305 2807 cycliis‚
1334 2727 1469 2807 areisque

120 2833 176 2892 illa
197 2832 279 2892 nuda
300 2840 460 2891 tetrasema
483 2852 521 2889 an
544 2832 664 2891 trisema
687 2831 725 2890 sit
747 2830 892 2910 putanda.
920 2832 1045 2891 minime
1067 2846 1139 2891 vern
1162 2830 1254 2891 hodie
1277 2829 1402 2890 dubium
1425 2840 1471 2891 est

118 2938 191 2997 viris
214 2938 329 3016 peritis,
354 2938 427 3017 quin
457 2936 615 3016 anapaesti
637 2934 776 2995 versibus
798 2936 936 2995 ionicis
958 2935 1064 2995 inserti
1087 2935 1133 2995 bis
1159 2934 1377 3014 aequiparandi
1401 2936 1468 3009 sint,

118 3044 163 3101 ita
189 3041 309 3123 quidem
333 3050 367 3101 ut
389 3043 463 3101 arsis
486 3042 542 3099 illa
564 3041 757 3120 anapaestica
779 3040 811 3098 in
833 3043 1022 3099 tetrasemam
1045 3038 1272 3120 longitudinem·
1288 3038 1470 3117 porrigenda

118 3146 159 3207 sit
190 3145 229 3204 ad
263 3145 398 3225 rhythmi
431 3144 659 3205 continuitatem
688 3143 935 3224 recuperandam.
960 3145 1107 3204 'inmerito
1131 3143 1221 3222 igitur
1244 3140 1278 3201 O.
1302 3142 1471 3203 Bernhardi

117 3251 195 3311 hacc
227 3254 312 3311 tenes
347 3251 488 3331 exempla
517 3252 549 3309 in
578 3247 682 3334 libello
709 3255 774 3325 suo,
808 3269 897 3329 quem
926 3248 978 3323 ,de
1001 3258 1087 3311 tenes
1109 3251 1141 3309 in
1164 3248 1271 3310 mediis
1296 3250 1471 3331 syncopatis'

209 3476 229 3543 ¹)
239 3476 295 3526 lam
306 3463 388 3541 supra
398 3478 481 3542 p.140
491 3477 607 3527 diximus
617 3491 705 3527 meras
714 3476 835 3541 proferre
851 3490 895 3526 eos
905 3475 1106 3540 hariolationes,
1118 3476 1163 3541 qui
1173 3476 1300 3541 anonymi
1310 3458 1470 3528 auctoritate

124 3567 214 3630 spreta
231 3579 313 3614 unam
332 3564 413 3614 araim
432 3565 551 3630 quinque
570 3579 704 3616 morarum
723 3563 854 3614 excedere
866 3579 945 3628 posse
959 3562 1067 3613 modum
1080 3562 1345 3629 pleionosemamque
1357 3563 1470 3615 iuduere

118 3650 315 3716 longitudinem
339 3651 511 3701 contendant.
546 3653 672 3718 quocirca
699 3653 769 3701 inter
792 3652 895 3716 ingenii
919 3651 994 3702 lusus
1023 3649 1175 3716 ableganda
1203 3654 1266 3701 sunt
1292 3650 1471 3701 Heimsoethii

117 3738 210 3803 verba,
230 3753 300 3804 quae
316 3738 349 3789 de
366 3738 463 3789 Aescb.
481 3738 547 3789 Obo.
566 3741 616 3789 638
633 3735 779 3789 διανταίαν
801 3733 948 3800 ὀξυπευκὲς
967 3734 1034 3805 οὐτᾷ
1051 3759 1085 3781 =
1103 3739 1154 3789 644
1171 3734 1348 3805 προχαλκεύει
1365 3734 1390 3787 δ’
1401 3727 1472 3787 Αἷσα

118 3819 410 3891 φασχανοορχόςίοοίι
428 3823 490 3891 (Die
508 3825 785 3891 Wiederherstellung
804 3826 852 3877 der
869 3828 989 3877 Dramen
1008 3826 1054 3876 des
1071 3825 1229 3891 Aeschylus,
1251 3842 1277 3891 p.
1297 3826 1371 3890 379):
1391 3825 1472 3889 ‚Hier

117 3914 156 3961 ist
174 3929 202 3962 es
222 3912 266 3977 die
286 3912 420 3963 dreifache
439 3912 642 3979 Verltngerung
661 3911 709 3963 der
727 3912 809 3978 Sylbe
828 3910 922 3964 -τοιίαν
939 3913 996 3964 und
1013 3910 1109 3979 -aerise,
1126 3912 1230 3964 welche
1253 3912 1305 3963 deu
1323 3910 1472 3977 Wolhlang

118 3998 242 4048 herstellt
272 4000 327 4048 und
350 3998 402 4049 den
421 3999 559 4050 Eindruch
590 3999 678 4050 dieser
708 4016 745 4050 an
772 3999 863 4051 Inhalt
892 4002 947 4051 und
976 4000 1118 4051 Ausdruch
1147 3999 1308 4066 gewaltigen
1336 3998 1472 4064 Dehnung

119 4086 170 4133 mit
197 4086 283 4135 einem
312 4085 395 4136 durch
413 4085 493 4136 Mark
515 4086 570 4136 und
589 4088 657 4137 Bein
685 4087 853 4153 dringeuden
880 4085 1047 4139 διανταίαν
1073 4088 1128 4137 und
1155 4082 1357 4153 προχαλκεύει
1375 4085 1472 4136 erhbht

118 4184 278 4218 eam-'mm
300 4191 305 4237 ρ
328 4187 355 4217 a
368 4196 529 4220 -----
547 4173 640 4241 4-t-4.
667 4174 721 4225 Die
748 4180 818 4225 erste
847 4174 891 4225 der
922 4175 1020 4225 beiden
1048 4175 1147 4241 langen
1166 4174 1267 4239 Sylbeu
1294 4172 1357 4223 sulit
1386 4174 1472 4223 assei

119 4253 214 4327 χρόνοι
236 4255 368 4326 ρυθμιιιοί
392 4277 450 4323 aus,
475 4261 518 4312 die
546 4260 646 4312 audere
672 4260 748 4326 dine;
775 4278 811 4314 au
837 4261 967 4313 einander
994 4261 1089 4311 stehen
1108 4262 1146 4313 sie
1164 4262 1200 4309 im
1218 4258 1406 4311 Verhiiltuisse
1424 4260 1472 4311 das

120 4346 279 4398 Trachine!
297 4348 511 4400 Heimsoethium
529 4349 553 4400 si
570 4353 642 4400 recte
659 4349 853 4416 intellegimus,
871 4352 963 4401 nescio
981 4351 1056 4400 cuius
1068 4350 1167 4400 veteris
1181 4348 1304 4415 magistri
1316 4350 1472 4401 testimonio

119 4432 205 4498 maus,
223 4433 336 4499 syllabis
346 4450 376 4485 αι
388 4441 415 4486 et
430 4451 461 4487 sc
472 4452 553 4488 senas
563 4452 650 4487 moras
668 4437 805 4501 adtribuit,
821 4437 850 4489 id
869 4438 942 4503 quod
961 4443 1054 4488 contra
1071 4438 1198 4505 anonymi
1217 4437 1319 4488 lactum
1338 4440 1378 4487 est
1395 4434 1473 4505 prae·

120 4525 229 4587 ceptum
249 4522 330 4572 arsim
350 4523 423 4573 ultra
440 4523 560 4591 quinque
579 4539 668 4575 moras
685 4524 843 4590 productam
862 4540 920 4576 esse
939 4524 1083 4575 manifesto
1102 4524 1235 4590 negantis.

165 4603 221 4641 mss.
232 4604 283 4650 phil.
295 4605 356 4641 vind.
368 4607 386 4641 1.
1319 4616 1350 4667 12
