3300 5059
1418 214 1480 273 257

234 404 292 465 Sed
309 405 357 465 his
372 406 470 467 missis
494 405 533 465 ad
548 408 705 467 Ennium
721 415 852 479 transeo,
870 406 922 485 qui
939 425 1027 485 quam
1038 406 1205 485 principem
1217 404 1315 464 locum
1332 404 1480 465 obtineret

129 512 208 569 inter
230 521 335 591 poetas
359 511 493 586 Latinos,
527 511 632 572 Cicero
655 513 722 593 ipse
744 520 950 592 perspexerat.
985 532 1056 570 nam
1088 512 1220 571 maxima
1250 512 1315 571 fere
1338 530 1480 570 versuum

128 636 207 695 pars,
232 617 285 697 qui
308 634 346 675 ex
369 616 552 676 carminibus
574 616 662 698 petiti
685 617 765 698 apud
790 636 859 677 eum
889 616 1041 695 leguntur,
1074 615 1235 675 Ennianae
1266 624 1312 675 est
1343 616 1477 694 originis,

127 720 210 779 unde
237 722 268 779 in
295 720 456 802 propatulo
490 730 536 781 est
562 719 741 805 Ciceronem
763 721 846 781 hunc
877 730 999 801 poetam
1023 722 1056 780 in
1078 722 1183 799 primis
1216 720 1372 781 adamasse
1404 722 1480 781 cius·

131 845 190 905 que
213 825 396 886 carminibus
419 827 470 886 vel
501 826 664 886 maximam
697 826 817 887 dedisse
849 846 982 907 operam.
1012 824 1226 907 quaerentibus
1254 834 1355 885 autem
1383 827 1479 900 nobis,

129 951 261 1010 quanam
279 950 312 991 re
336 930 441 991 Cicero
465 939 632 993 commotus
654 940 739 992 tanto
763 933 911 992 exarserit
932 932 963 990 iu
988 932 1120 991 Ennium
1143 931 1253 1005 studio,
1286 930 1481 1011 pluressunt

130 1055 238 1096 causae
262 1038 292 1096 in
315 1046 467 1116 promptu.
491 1037 623 1118 primum
652 1038 732 1096 enim
755 1035 793 1095 ad
816 1037 950 1096 Ennium
975 1036 1179 1096 revocandum
1206 1044 1260 1109 est,
1294 1035 1374 1115 quod
1398 1035 1480 1094 rudis

129 1140 229 1200 adhuc
250 1142 355 1220 lingua
378 1141 488 1201 Latina
511 1144 548 1201 ab
582 1162 617 1201 eo
642 1142 764 1203 exculta
786 1151 832 1202 est
864 1150 893 1200 et
916 1140 1023 1223 polita.
1058 1140 1169 1201 deinde
1191 1140 1310 1200 Ennius
1343 1140 1476 1199 carmine

131 1267 186 1306 suo
210 1246 306 1327 epico,
331 1246 511 1326 Annalibus,
534 1248 610 1307 alter
631 1249 694 1307 fere
709 1248 853 1307 Romanis
878 1247 1017 1306 extiterat
1039 1245 1189 1305 Homerus
1212 1241 1264 1329 (cf.
1288 1245 1476 1325 HorsElpp.

128 1351 163 1410 Π
186 1352 215 1424 1,
240 1352 303 1425 50),
335 1359 369 1409 ut
390 1371 429 1410 ex
451 1351 498 1411 his
531 1351 646 1411 duabus
679 1352 776 1412 causis
810 1350 989 1427 Ciceronem
1021 1359 1055 1411 ut
1089 1359 1237 1410 oratorem
1271 1356 1302 1409 et
1329 1349 1481 1410 homiuem

121 1456 300 1525 ‚Romanum
322 1475 439 1515 summa
461 1455 493 1514 iu
516 1456 601 1515 illum
617 1457 766 1535 religione
788 1455 938 1515 imbutum
960 1457 1051 1517 luisse
1075 1458 1139 1515 veri
1156 1455 1254 1515 simile
1278 1456 1326 1514 sit.
1350 1453 1481 1533 denique

128 1580 191 1619 non
214 1560 411 1620 omittendum
434 1559 556 1620 videtur
578 1562 711 1621 Ennium
744 1562 774 1620 in
798 1561 963 1641 tragoediis
996 1560 1211 1640 componendis
1234 1560 1264 1618 iu
1289 1560 1392 1639 primis
1414 1558 1480 1616 imi·

127 1672 226 1723 tatum
250 1685 315 1724 esse
338 1664 525 1746 Euripidem,
557 1666 641 1726 cuins
663 1666 839 1745 tragoediae
867 1675 981 1747 quauta
1013 1668 1071 1726 sint
1095 1666 1312 1725 sententiarum
1342 1664 1480 1723 ubertate

130 1789 219 1829 nemo
243 1767 400 1853 ignorat.¹)
425 1772 529 1850 itaque
551 1769 667 1845 Cicero,
693 1792 760 1831 cum
784 1772 905 1831 exiliis
928 1772 1093 1833 sententias
1116 1791 1206 1850 saepe
1230 1790 1353 1830 numero
1376 1778 1483 1858 posset

135 1874 313 1954 depromere
342 1874 379 1934 ad
410 1874 621 1955 philosophiae
651 1884 814 1956 praecepta
840 1875 1030 1951 illustranda,
1063 1875 1120 1935 hac
1152 1895 1184 1934 re
1212 1873 1377 1954 praecipue
1400 1893 1479 1932 com·

131 1988 230 2039 motus
252 1979 373 2039 videtur
400 1999 475 2054 esse,
499 1988 534 2043 ut
558 2001 608 2041 eas
631 1980 806 2061 diligentius
830 1980 952 2061 legeret.
986 1989 1056 2040 sunt
1079 1981 1159 2039 euim
1186 1979 1246 2039 loci
1268 1980 1392 2058 triginta
1413 1960 1478 2038 fere

129 2084 274 2163 quinque,
306 2084 415 2164 quibus
442 2085 480 2143 ad
513 2084 691 2166 Euripidem
722 2086 859 2166 respicit;
894 2086 931 2147 cf.
963 2085 1070 2164 Lange
1101 2085 1121 2145 l.
1147 2104 1171 2143 c.
1194 2105 1227 2163 p.
1251 2085 1292 2145 57
1317 2104 1361 2164 sq.
1386 2092 1477 2162 atquc

133 2189 242 2251 eodem
264 2190 353 2251 modo
376 2192 538 2251 Ennianae
569 2191 743 2272 tragoediae
770 2192 954 2253 uberrimam
986 2193 1014 2252 ei
1046 2189 1280 2271 suppeditabant
1312 2189 1478 2262 materiem,

131 2294 212 2355 unde
236 2297 400 2356 sententias
431 2304 585 2376 tamquam
608 2298 795 2379 principales
828 2306 930 2378 posset
952 2292 1083 2378 petere,u
1103 2316 1177 2377 quas
1206 2294 1245 2354 ad
1268 2293 1479 2375 philosophiae

129 2401 216 2479 leges
240 2400 426 2460 examinatas
450 2410 501 2461 aut
515 2402 669 2462 refelleret
691 2412 725 2463 ut
739 2404 831 2463 falsas
854 2412 906 2463 aut
922 2402 1131 2483 comprobaret
1152 2410 1186 2461 ut
1207 2421 1281 2461 vera
1295 2400 1478 2459 testimonia.

128 2504 239 2585 quibus
263 2504 300 2565 de
323 2505 421 2565 causis
436 2514 532 2568 totum
551 2527 584 2566 se
599 2507 720 2567 Tullius
744 2508 870 2567 dederat
891 2507 992 2566 Ennio
1016 2508 1141 2585 eiusque
1163 2527 1223 2566 uon
1246 2488 1343 2565 solum
1356 2505 1479 2593 scripta,

132 2609 187 2670 sed
212 2611 302 2669 etiam
326 2610 419 2669 vitam
442 2612 563 2690 penitus
585 2611 692 2671 habuit
715 2613 846 2689 cognita,
880 2610 963 2671 unde
981 2612 1094 2669 factum
1119 2619 1172 2685 est,
1207 2623 1240 2669 ut
1263 2630 1301 2669 ex
1324 2611 1376 2684 eis,
1401 2601 1479 2690 quae

127 2713 236 2775 Cicero
260 2735 314 2794 per
346 2714 448 2774 omnia
479 2735 535 2774 sua
563 2716 675 2794 scripta
706 2715 744 2776 de
774 2716 876 2775 Ennio
909 2716 1058 2796 dispersit,
1087 2716 1178 2775 totius
1203 2716 1268 2773 fere
1296 2715 1360 2775 eius
1395 2715 1480 2773 vitae

126 2821 217 2899 quasi
240 2821 339 2899 imago
361 2840 423 2879 non
445 2827 561 2879 tantum
583 2819 771 2894 adumbrata,
806 2820 859 2880 sed
881 2821 974 2900 plane
997 2840 1140 2900 expressa
1175 2828 1245 2879 ante
1268 2820 1370 2879 oculos
1392 2818 1479 2878 uobis

126 2933 271 3005 ponatur.
295 2933 387 3004 atque
410 2924 447 2983 de
470 2945 560 2998 anno,
585 2945 643 3004 quo
667 2935 756 2985 natus
780 2927 820 2985 sit
843 2926 969 2999 Ennius,
999 2920 1073 3005 quid
1097 2925 1236 2984 statuerit
1259 2922 1364 2985 Cicero
1388 2944 1481 3002 supra

126 3032 192 3088 iam
216 3030 410 3109 exposuimus
432 3052 463 3109 p.
488 3032 562 3089 252.
585 3032 716 3109 patriam
740 3031 805 3090 eius
828 3030 921 3090 fuisse
936 3029 1052 3089 Rudiae
1074 3032 1106 3089 iu
1129 3030 1279 3090 Peucetiis
1303 3049 1340 3089 ex
1363 3029 1428 3093 loco
1441 3027 1480 3087 de

125 3155 173 3195 or.
197 3134 321 3208 11142,
348 3136 408 3193 168
433 3135 632 3213 cognoscitur.
667 3136 793 3195 Romam
816 3143 918 3195 autem
940 3134 1103 3195 deductum
1135 3135 1314 3195 familiarem
1338 3154 1406 3194 eum
1430 3154 1479 3194 ex·

123 3240 228 3299 titisse
250 3236 390 3297 Africani
422 3240 546 3299 maioris
578 3248 609 3299 et
640 3240 790 3321 Scipionis
813 3241 942 3301 Nasicae
967 3239 1073 3299 Cicero
1106 3240 1226 3320 saepius
1259 3248 1480 3314 commemorat,

125 3364 221 3425 quam
246 3342 372 3403 obrem
395 3344 484 3403 etiam
507 3346 538 3403 in
561 3345 701 3424 sepulcro
717 3345 894 3424 Scipionum
916 3346 1081 3424 imaginem
1097 3346 1161 3405 eius
1184 3366 1222 3405 ex
1246 3365 1392 3405 marmore
1415 3364 1480 3404 esse

124 3450 325 3511 constitutam
348 3450 392 3507 ait
413 3470 467 3528 pro
491 3446 585 3511 Arch.
612 3453 640 3523 9,
666 3453 717 3515 22.
750 3449 782 3509 id
807 3450 888 3531 quod
912 3449 1028 3525 Cicero,
1053 3440 1121 3510 cum
1143 3471 1198 3531 pro
1223 3449 1338 3510 Archia
1361 3469 1481 3509 causam

122 3554 214 3634 dicit,
238 3561 392 3633 tamquam
415 3554 586 3633 exemplum
609 3554 761 3615 iudicibus
783 3556 927 3638 proponit
951 3552 1003 3639 (cf.
1030 3560 1079 3636 11,
1106 3551 1171 3638 27),
1206 3555 1286 3635 quod
1310 3555 1480 3616 imitentur:

121 3680 201 3721 nam
224 3674 291 3717 cum
313 3658 509 3737 imperatores
532 3679 628 3739 prope
651 3661 761 3719 armati
784 3669 942 3740 poctarum
967 3681 1076 3721 nomen
1101 3660 1260 3736 coluerint,
1286 3682 1347 3721 non
1370 3659 1481 3721 debere

120 3772 248 3843 togatos
270 3762 386 3823 iudices
409 3784 427 3822 a
449 3764 602 3823 Musarum
634 3764 750 3825 honore
782 3775 812 3825 et
843 3775 1003 3846 poetarum
1034 3766 1132 3827 salute
1163 3765 1334 3829 abhorrere.
1368 3774 1481 3845 quanta

121 3887 221 3951 porro
244 3868 451 3927 familiaritate
479 3870 656 3929 coniunctus
687 3871 778 3929 fuerit
805 3871 922 3931 Ennius
952 3892 1018 3930 cum
1045 3872 1169 3946 Nasica,
1203 3892 1240 3931 ex
1264 3892 1299 3931 eo
1322 3890 1480 3949 possumus

120 3973 320 4051 intellegere,
345 3973 425 4048 quod
448 3971 555 4034 (licero
577 3974 690 4037 rettulit
713 3974 752 4035 de
775 3995 817 4037 or.
841 3975 949 4050 1168,
984 3978 1056 4039 276.
1087 3996 1269 4056 quamquam
1301 3976 1382 4035 enim
1413 3994 1480 4035 con-

120 4076 298 4141 cedendum
321 4086 366 4138 est
388 4080 486 4139 facete
509 4078 585 4137 illud
601 4080 732 4139 Nasicae
756 4079 880 4154 dictum,
904 4089 936 4140 ut
959 4081 1022 4140 lieri
1052 4082 1129 4140 solet
1152 4082 1183 4139 in
1206 4082 1280 4141 viris
1302 4079 1479 4153 illustribus,

119 4196 268 4263 tempore
291 4182 411 4243 demum
433 4183 607 4262 insequenti
629 4184 763 4263 potuisse
787 4185 927 4265 confingi,
960 4194 1062 4245 tamen
1085 4184 1142 4244 hoc
1164 4186 1230 4245 veri
1254 4184 1377 4245 subesse
1401 4191 1480 4243 certe

121 4336 339 4352 ‚,.-.-.-—-

234 4410 253 4474 ¹)
273 4409 314 4461 (ll.
334 4410 388 4462 (lic.
407 4410 442 4460 ad
459 4410 522 4462 fam.
541 4411 605 4462 XVI
624 4415 648 4475 8,
672 4416 699 4464 2:
726 4415 785 4478 ‘ego
808 4418 879 4463 certo
898 4412 1018 4477 singulos
1044 4413 1100 4462 eius
1125 4411 1292 4478 (Euripidem
1316 4411 1394 4476 dicit)
1421 4426 1480 4460 ver-

118 4513 177 4553 sus
195 4496 303 4561 singula
322 4499 379 4547 eius
397 4500 550 4549 testimonia
567 4499 650 4565 puto’.

173 4580 229 4617 Diu.
240 4580 290 4623 phli-
304 4581 363 4616 vind.
375 4582 392 4616 1.
1309 4632 1313 4641 ³
1344 4586 1376 4636 17
