3300 5059
163 254 225 312 162

162 446 274 527 βαλεῖν
312 463 350 503 ex
372 463 432 501 uno
456 441 611 501 duobusve
634 441 816 522 apographis
838 450 869 500 et
890 441 984 502 Suida
1004 444 1142 524 plerique
1163 442 1331 507 ediderunt.
1364 444 1516 506 Mediceus

161 546 310 630 ἐκβαλεῖν
330 548 466 630 praebet,
489 548 571 609 uude
594 551 677 629 ἄτιμ’
700 546 849 630 ἐκβαλεῖν
872 548 1001 607 coniecit
1023 550 1164 614 Kritala.

251 652 289 719 Ο.
305 656 341 715 R.
367 657 429 717 665
453 657 648 735 sqq.=694
671 674 753 734 sqq.:

203 768 254 821 etr.
278 766 322 842 γᾶ
343 760 512 842 φθίνουσα
532 761 640 844 τρύχει
662 760 780 843 φυγάν,

280 866 335 928 καί
356 864 425 927 τύδ’
442 864 470 927 εί
491 874 604 939 κακοῖς
625 864 709 927 κακά

282 970 444 1054 προσάύει
465 978 534 1045 τοῖς
555 971 654 1033 πύλαι
676 969 715 1032 τδι
737 970 820 1053 πρὸς
843 977 946 1054 σφῷν.
993 1009 1010 1031 υ
1023 1004 1070 1031 τι,
1086 1004 1134 1031 ι-
1148 1000 1176 1031 a
1194 1010 1211 1030 ο
1228 1024 1253 1031 -
1265 1010 1282 1031 υ
1306 1003 1354 1030 ι-ι-
1369 1025 1394 1031 -

199 1085 259 1136 ant.
283 1074 320 1139 ἐν
341 1076 457 1150 πόνοις
478 1075 592 1139 ἀλύου-

282 1196 345 1243 σαν
371 1182 438 1242 κατ’
455 1179 560 1263 όρθὸν
583 1182 727 1263 οὕρισας,

280 1293 384 1347 τανῦν
409 1287 436 1346 τ’
453 1287 630 1366 εύπομπος,
653 1283 682 1347 εί
704 1285 799 1368 δύνα,
821 1294 930 1366 γενοῦ.
994 1326 1011 1347 o
1026 1320 1072 1347 m.
1091 1320 1138 1346 μ
1153 1317 1180 1349 ;
1197 1326 1213 1346 ο
1226 1338 1250 1346 -
1263 1326 1279 1345 υ
1297 1315 1324 1344 r
1340 1326 1356 1344 ε
1369 1338 1395 1345 -

250 1390 342 1450 Dind.
366 1388 489 1471 φθινάς
517 1390 635 1469 scripsit
661 1410 715 1468 pro
739 1390 918 1471 φθίνουσα,
947 1400 996 1465 ,ut
1018 1392 1106 1450 metri
1128 1392 1237 1450 saltem
1259 1392 1355 1450 forma
1377 1389 1514 1448 restitua-

52 1540 60 1571 ,1
164 1502 247 1555 retur
269 1494 464 1576 probabilior,
488 1517 580 1577 quam
603 1496 628 1553 si
651 1494 719 1572 quis
740 1496 771 1553 in
787 1502 849 1554 aut.
866 1516 895 1553 v.
913 1498 975 1557 694
992 1496 1144 1559 πόνοισιν
1165 1516 1220 1576 pro
1243 1495 1359 1569 πόνοις
1380 1493 1514 1554 acribat’.

163 1609 193 1658 at
225 1600 394 1683 φθίνουσα
424 1620 484 1660 non
518 1598 648 1660 debebat
685 1598 713 1658 ai
745 1600 776 1658 iu
809 1599 1030 1661 dubitationem
1061 1602 1166 1663 vocari
1197 1600 1367 1661 recordanti
1398 1620 1429 1659 v.
1463 1599 1513 1658 25.

163 1713 321 1785 praeterea
353 1724 456 1766 omues
487 1705 542 1767 καὶ
575 1713 645 1763 ants
676 1704 745 1766 τόδ’
774 1704 877 1765 delent
908 1727 975 1765 cum
1003 1707 1187 1779 Hermanno,
1220 1706 1272 1786 qui
1304 1704 1377 1763 alibi
1407 1704 1516 1784 φυχάν

164 1810 264 1871 deleto
288 1812 331 1870 sic
353 1810 452 1871 locum
476 1812 653 1871 conformat:
677 1808 755 1871 ἀλλά
777 1812 809 1891 μ’
825 1808 847 1871 ἀ
866 1809 1038 1893 δυσμόρως
1057 1817 1062 1883 Ι
1081 1817 1124 1892 γά
1146 1812 1315 1892 φθίνουσα
1336 1810 1446 1893 τρύχει
1460 1809 1516 1871 καί

31 1921 39 1934 “
161 1914 242 1979 τάδ’.
264 1937 293 1976 v.
319 1918 381 1976 667
404 1915 514 1977 Nauck
547 1916 635 1976 metri
673 1914 865 1995 exaequandi
898 1936 987 1975 causa
1013 1915 1054 1978 τδι
1075 1915 1249 1999 πρόσφατα
1273 1915 1378 1978 edidit.
1417 1913 1513 1975 Dind.

165 2030 270 2080 contra
292 2019 331 2081 de
353 2030 414 2083 ant.
439 2023 482 2081 ita
504 2030 649 2100 nugatur:
686 2019 791 2095 ,Quod
823 2022 854 2079 in
884 2019 987 2080 codice
1009 2022 1154 2100 scriptum
1178 2030 1223 2081 est
1246 2020 1275 2083 εί
1297 2020 1394 2082 δύναι
1415 2027 1514 2100 γενοῦ

165 2124 202 2184 ab
226 2124 392 2209 διορθωτῇ
419 2127 451 2185 in
479 2125 596 2188 δύναιο
620 2134 781 2185 mutatum:
815 2125 896 2185 unde
928 2126 1113 2206 apographa,
1146 2134 1180 2184 ut
1201 2124 1330 2199 videtur,
1364 2122 1465 2182 omnia
1488 2122 1516 2184 εί

163 2227 281 2291 δύναιο
312 2238 421 2310 γενοῦ.
454 2238 535 2289 recte
568 2231 670 2310 Bergk
707 2230 735 2292 εἰ
765 2230 889 2312 γένοιο,
921 2250 999 2310 quae
1031 2232 1178 2310 scriptura
1208 2229 1240 2288 in
1272 2228 1302 2291 εί
1332 2229 1430 2291 δύναι
1453 2223 1516 2309 (vel

165 2328 295 2415 δύναιο)
317 2343 416 2415 γενοῦ
440 2335 477 2395 ab
500 2336 718 2414 interpolatore
742 2343 787 2394 cst
807 2343 933 2415 mutata,
958 2337 1086 2414 quinon
1100 2334 1226 2394 vidisset
1241 2334 1269 2396 εί
1297 2334 1423 2393 hicnon
1446 2333 1514 2391 ›si‹

166 2436 339 2515 significare
371 2438 424 2499 sed
449 2440 628 2499 »utinam‹'.
661 2439 734 2498 mihi
761 2460 833 2499 vero
862 2438 984 2518 quidem
1017 2439 1094 2498 nihil
1125 2438 1207 2497 aliud
1237 2438 1428 2499 statuendum
1451 2457 1516 2498 esee

163 2542 285 2602 videtur
321 2544 379 2603 nisi
416 2546 477 2604 iam
514 2553 648 2606 veterem
690 2545 778 2604 illum
815 2544 995 2603 diorthotam
1033 2544 1167 2625 rhythmi
1205 2543 1288 2624 leges
1325 2545 1515 2621 ignorantem

30 2629 38 2642 f
164 2649 343 2727 scripturam
365 2649 493 2710 Medicci
515 2651 739 2730 integerrimam
763 2648 989 2709 deformavisso.

253 2752 290 2814 Ο.
313 2753 350 2813 R.
375 2756 579 2815 867=877:

208 2867 259 2920 str.
283 2857 324 2919 δι’
349 2858 467 2943 αίθέρα
488 2860 716 2938 τεκνωθέντες,
739 2859 786 2922 ὧν
809 2862 976 2940 Ὄλυμπος
1010 2900 1026 2919 ο
1038 2890 1064 2920 -·
1077 2900 1107 2919 w
1120 2912 1144 2919 -
1159 2912 1184 2919 -
1199 2888 1225 2916 ss
1237 2898 1253 2919 e
1267 2911 1288 2918 -
1306 2899 1320 2919 τ
1332 2886 1357 2919 n
1372 2910 1396 2918 -

199 2970 261 3021 ant.
287 2960 460 3047 (ἀκρότατα
482 2968 561 3046 γείσ
586 2962 735 3048 ἀναβάσ)

286 3067 453 3149 ἀπότομον
476 3070 622 3152 ὤρουσεν
645 3069 690 3144 είς
713 3068 868 3151 ἀνάγκαν.
1014 3109 1029 3128 ο
1053 3082 1100 3128 ἀπ
1127 3101 1173 3128 ι..
1200 3098 1226 3128 r
1239 3108 1254 3127 a
1267 3092 1358 3128 „cm
1373 3119 1397 3127 -

166 3166 259 3252 (Med.
284 3171 466 3255 ἀκροτάτου
489 3172 681 3256 elatrasset
711 3194 749 3233 ex
776 3174 948 3233 coniectura
970 3171 1097 3251 palmari
1120 3171 1157 3234 G.
1183 3172 1299 3231 Wolffii
1321 3172 1412 3253 γεϊσ,
1436 3170 1516 3249 quod

166 3273 292 3360 recepi).
310 3277 427 3356 Bergk:
442 3278 501 3356 ,δι’
511 3278 630 3362 αίθόρα
640 3300 668 3341 τ.
680 3286 782 3358 aperte
797 3286 978 3357 corruptum,
994 3277 1108 3336 conieci
1119 3276 1278 3359 οὐρανίαν
1292 3277 1410 3359 αίθὲρα
1423 3296 1519 3338 τανυ·

167 3380 311 3459 σθέντες,
337 3390 371 3440 ut
394 3382 434 3444 δι’
451 3403 489 3442 cx
511 3384 759 3464 interpretatione
782 3384 821 3443 sit
843 3380 987 3456 additum,
1011 3381 1060 3440 vel
1084 3380 1125 3443 δι’
1141 3381 1246 3464 αἰθέρ’
1263 3380 1460 3460 ἐκταθέντες,
1483 3390 1517 3439 ut

166 3487 197 3544 in
220 3494 282 3544 ant.
306 3485 453 3546 scribatur
480 3487 647 3569 ἀπότομον
674 3482 729 3550 εἶτ’
753 3489 920 3570 ὥρουσεν.’
951 3486 983 3546 J.
1008 3487 1048 3548 H.
1072 3486 1209 3546 Schmidt
1236 3486 1375 3569 οόρανίφ
1397 3484 1515 3565 αἰθέρι.

168 3610 196 3650 ν,
209 3578 271 3649 876
289 3589 468 3673 ἀκρότατον
491 3593 676 3675 είσαναβιῖσ
685 3588 819 3667 <αίπος>
837 3592 941 3664 Arndt,
960 3591 1186 3673 &corporeitas
1201 3592 1333 3653 Schnell.
1360 3590 1516 3651 Gladitsoh

168 3702 198 3753 et
219 3704 271 3753 str.
296 3704 327 3753 et
349 3704 410 3756 ant·
434 3706 547 3757 temere
569 3698 739 3757 inmutavit.

255 3796 292 3861 Ο.
316 3800 352 3859 R.
378 3802 624 3861 1089=1100:

211 3914 262 3969 str.
287 3904 327 3968 ού
349 3904 408 3967 τὸν
421 3907 591 3987 Ὄλυμπον
607 3905 760 3989 ἀπείρων,
784 3900 809 3968 dr
823 3906 997 3989 Κιθαίρου
1014 3937 1040 3964 r
1052 3946 1083 3965 w
1099 3960 1119 3965 -
1133 3945 1164 3965 ω
1177 3938 1203 3967 ι.
1218 3960 1241 3966 -
1257 3959 1280 3966 -
1294 3946 1309 3965 ο
1323 3939 1346 3965 n
1362 3958 1387 3966 -

200 4018 261 4070 ant.
284 4009 396 4085 Πανὸς
419 4009 610 4093 όρεσσιβάτα
632 4013 912 4094 προσπελασθεῐσ.
1015 4040 1041 4069 L
1054 4050 1084 4069 ω
1099 4063 1120 4069 ,
1134 4050 1164 4069 ψ
1184 4045 1231 4071 1-1..
1255 4064 1281 4071 -
1293 4051 1309 4069 ε
1322 4044 1346 4069 ο
1361 4062 1387 4070 -

167 4114 320 4194 plerisque
342 4113 448 4173 adrisit
471 4114 657 4174 Lachmanni
680 4117 853 4175 coniectura
874 4114 996 4197 πατρὸς
1017 4116 1215 4192 πελασθεῐσ,
1244 4108 1323 4194 quse
1346 4114 1450 4193 inepta
1473 4123 1518 4172 est

169 4214 265 4300 (recte
279 4219 388 4279 Wolff:
414 4240 498 4294 ,man
518 4219 680 4279 verstiindc
703 4222 747 4279 als
769 4220 866 4279 ihrem
881 4218 976 4278 Vater
998 4218 1097 4276 nahen
1122 4218 1183 4277 und
1206 4219 1282 4277 auch
1307 4218 1357 4277 die
1372 4219 1518 4296 Deutung

170 4323 280 4384 »Vater
294 4326 380 4384 Pan«
401 4334 485 4407 parat
506 4325 572 4385 hier
586 4320 725 4405 wenig').
749 4326 873 4384 Brunck
888 4345 987 4404 unam,
1013 4343 1107 4402 ,quae
1123 4322 1160 4381 ad
1177 4323 1383 4401 integritatem
1397 4322 1519 4403 syllaba

170 4425 267 4488 deest'
292 4426 415 4514 (Diod.)
439 4431 594 4511 supplevit
618 4428 756 4489 addendo
780 4449 846 4493 που
868 4438 936 4509 post
960 4428 1161 4511 όρεσσιβάτα,
1184 4427 1280 4487 Dind.
1305 4428 1521 4487 violentissime

170 4534 295 4614 Νύμφα
319 4535 510 4619 ὀρεσσιβάτα
532 4556 598 4597 που
622 4534 709 4596 Πανὶ
731 4537 891 4612 πλαθεϊσ,
915 4531 1072 4593 Gladitsch
1093 4531 1238 4614 λέκτροις
1259 4533 1453 4594 πελασθεῖσ.
