3300 5059
194 231 234 289 86

192 429 308 499 partem
338 419 495 499 incidatur,
528 419 740 497 productiones
771 420 840 477 illas
872 419 930 477 nisi
961 419 992 476 in
1020 418 1155 477 versibus
1189 438 1314 477 caesura
1344 417 1431 497 pedis
1466 418 1569 476 tertii

192 524 342 585 trochaica
372 524 523 583 instructis
555 523 654 582 locum
685 522 797 582 habere
830 543 890 581 non
922 523 1066 600 potuisse.
1107 524 1133 581 si
1161 530 1261 583 autem
1289 522 1368 581 hanc
1390 542 1569 583 caesuram

180 606 293 691 ¹versui
316 648 440 689 servare
454 625 577 688 volebat
599 635 698 707 poeta,
722 626 943 708 productiones,
968 627 1139 707 dequibus
1163 628 1323 707 loquimur,
1347 630 1377 686 in
1399 627 1569 707 prioribus

191 742 307 794 tantum
338 732 555 817 bisyllaborurn
586 732 802 793 vocabulorum
830 732 956 812 syllabis
985 743 1037 792 aut
1064 734 1096 791 in
1124 732 1317 813 paenultimis
1349 753 1457 793 vocum
1480 732 1565 812 plus

192 839 267 899 duas
299 837 434 918 syllabas
467 838 681 898 continentium
714 836 917 897 admittendae
949 846 1044 896 erant.
1071 838 1130 897 hoe
1155 839 1248 916 igitur
1269 836 1358 896 modo
1380 858 1453 897 usus
1478 858 1559 917 pro·

192 944 364 1003 ductionum
387 942 507 1001 illarum
529 944 560 1001 in
585 944 643 1001 arsi
666 943 755 1001 tertia
776 944 848 1002 satis
870 944 1004 1022 augustis
1029 942 1279 1003 circumscribitur
1301 942 1453 1003 cancellis.

278 1046 427 1122 Quotiens
451 1066 590 1127 quaeque
620 1066 816 1106 consonarum
844 1046 1027 1126 liquidarum
1050 1050 1080 1107 ia
1105 1048 1261 1127 exemplis,
1298 1066 1376 1126 quae
1399 1049 1556 1127 congessi,

191 1154 369 1234 reperiatur,
393 1172 432 1211 ex
454 1150 510 1209 hac
533 1149 637 1210 tabula
659 1150 800 1230 adparet:

1111 1319 1140 1367 in
1158 1317 1281 1380 ‘'mnibul
1340 1354 1369 1403 in
1391 1368 1429 1404 oo.
1450 1353 1515 1404 dub.

215 1350 412 1417 oonsliquidae
449 1352 477 1400 in
497 1366 534 1403 cc.
556 1351 617 1401 buc.
664 1352 693 1401 in
712 1360 750 1401 oo.
769 1352 841 1401 mim.
891 1353 920 1401 in
938 1368 976 1403 co.
999 1369 1041 1419 ep·
1082 1388 1311 1452 Theoemgen,

850 2087 884 2144 B.

280 2186 468 2248 Accedamus
501 2187 539 2246 ad
576 2188 771 2269 exponendas
807 2193 984 2264 rationes,
1024 2210 1112 2269 quas
1145 2190 1370 2251 Theocritus
1401 2195 1436 2253 in
1471 2214 1548 2274 pro·

192 2294 368 2355 ducendis
391 2303 453 2354 aut
475 2295 725 2375 corripiendis
753 2296 924 2376 syllabis,
954 2316 1045 2376 quae
1068 2297 1195 2357 mediis
1221 2300 1257 2357 in
1280 2300 1474 2359 vocabulis
1497 2303 1546 2359 in-

191 2388 375 2480 sequente
398 2410 495 2461 muta
518 2421 542 2463 c.
558 2402 579 2458 l.
596 2402 632 2460 in
655 2402 749 2461 thesi
772 2404 915 2481 positae
938 2402 1123 2481 leguntur,
1146 2405 1363 2464 observasse
1385 2405 1545 2467 videtur.

192 2526 251 2585 qua
281 2508 311 2563 in
343 2524 376 2564 re
406 2506 438 2568 in
460 2508 633 2567 uuiversum
657 2506 839 2567 Theocritus
861 2508 988 2568 multum
1021 2509 1119 2568 differt
1150 2509 1187 2568 ab
1211 2510 1354 2573 Homero.
1387 2510 1436 2571 hic
1467 2513 1545 2571 enim

191 2630 258 2669 oum
281 2611 401 2671 vocales
432 2610 591 2670 mediisin
617 2611 740 2672 vocibus
768 2622 838 2672 ante
863 2622 977 2672 mutam
999 2635 1023 2672 c.
1051 2615 1072 2673 l.
1106 2614 1276 2674 conlocatas
1300 2617 1390 2675 etiam
1413 2617 1444 2675 in
1466 2615 1542 2677 thesi

192 2715 369 2795 plerumque
386 2716 532 2796 producat
548 2738 583 2775 ac
598 2719 702 2797 paucis
718 2726 834 2776 tantum
857 2719 888 2777 in
910 2718 1066 2779 vocabulis
1091 2721 1231 2799 corripiat
1240 2716 1274 2800 ¹),
1299 2719 1378 2799 apud
1402 2720 1543 2780 Theocri-

192 2828 256 2879 tum
280 2818 427 2899 syllabae,
453 2841 578 2901 quarum
602 2820 708 2881 eadam
733 2831 778 2881 est
802 2822 947 2897 condicio,
972 2825 1064 2883 multo
1088 2826 1209 2903 saepius
1231 2824 1434 2904 corripiuntur
1456 2846 1542 2907 quam

191 2921 438 3008 producuntur2).
487 2926 540 2986 sed
580 2908 772 3001 inferioribus
809 2928 992 3008 temporibus
1033 2930 1171 2989 nonnulli
1203 2939 1310 3009 poetae
1342 2932 1428 3010 epici,
1462 2932 1544 2990 volut

192 3027 323 3103 Quintus
340 3028 522 3109 Smyrnaeus
531 3026 566 3113 ³),
591 3032 711 3111 saepius
735 3034 825 3091 etiam
847 3033 1044 3093 admittebant
1060 3036 1272 3114 correptiones.
1297 3043 1400 3095 contra
1415 3036 1540 3095 Nonnus

192 3134 298 3193 mediis
316 3136 346 3191 in
363 3136 486 3193 vocibus
502 3135 623 3195 vocales
646 3144 716 3195 ante
732 3146 846 3196 mutam
869 3160 893 3197 c.
911 3138 931 3201 l,
947 3160 1066 3217 semper
1082 3139 1223 3219 produxit
1239 3141 1373 3219 exceptis
1389 3141 1540 3201 vocabulis

195 3238 380 3322 Ἡρακλέης,
393 3238 574 3322 Ἀφροδίτη,
589 3242 760 3325 ἀλλοτρίου
776 3240 845 3325 (-ῃ),
863 3242 1138 3326 ἀλλοπρόσαλλον,
1154 3245 1367 3327 Ἀμφιτρύων,
1390 3246 1420 3303 in
1437 3246 1540 3324 quibus

191 3364 276 3401 usum
300 3342 495 3401 Homericum
517 3352 636 3403 secutus
659 3348 877 3426 correptionem
900 3347 957 3406 sibi
982 3346 1170 3430 concessit).

272 3445 361 3519 Quod
373 3456 472 3505 autem
482 3446 741 3527 addisponendam
753 3454 907 3511 materiam
918 3452 1170 3533 adtinet,priore
1180 3455 1214 3513 lo
1223 3474 1261 3513 co
1273 3460 1313 3526 (oc)
1326 3454 1366 3514 de
1385 3456 1538 3534 syllabis

191 3549 379 3630 productis
400 3572 508 3630 agore
525 3554 746 3630 mihilieeat,
771 3557 889 3617 altero
905 3554 952 3639 (β)
970 3577 1147 3637 exponam
1172 3558 1214 3619 de
1237 3562 1535 3640 correptionibus.

838 3657 907 3746 aa·
1616 3745 1617 3750 t

278 3759 493 3820 Productiones
516 3763 711 3841 syllabarum,
742 3785 819 3844 quae
848 3765 878 3829 h.
903 3766 923 3827 l.
948 3768 978 3825 in
1002 3787 1124 3827 censum
1146 3769 1280 3843 veniunt,
1308 3771 1387 3829 inter
1408 3771 1536 3849 singulas
1616 3769 1617 3832 ἶ

191 3866 291 3925 theses
314 3864 394 3925 hunc
417 3867 448 3925 in
471 3866 592 3927 modum
616 3867 846 3929 distribuuntur:

280 4004 298 4069 ¹)
319 4003 358 4053 cf.
378 4002 480 4053 Hartel.
499 4005 513 4055 1
532 4007 565 4055 80
584 4022 623 4071 sq.

278 4089 298 4155 ²)
317 4091 359 4140 De
378 4090 528 4156 frequentia
545 4091 625 4143 huius
644 4094 748 4157 generis
768 4098 963 4161 correptionum
976 4096 1048 4162 apud
1059 4103 1152 4163 poetas
1166 4099 1301 4163 elegiacos
1320 4101 1450 4165 paulatim
1462 4110 1533 4154 aucta
1615 4097 1616 4162 l

191 4176 223 4227 ef.
243 4176 346 4228 Sitzleri
364 4176 486 4227 ‘Studien
504 4194 537 4227 au
555 4178 697 4243 Theognis'
715 4197 742 4245 p.
760 4184 785 4231 4.

277 4264 298 4329 ³)
318 4264 357 4314 Cf.
378 4279 447 4330 quae
466 4263 499 4315 de
518 4264 569 4317 hoe
587 4270 666 4331 poeta
685 4270 806 4333 exposuit
822 4270 952 4321 Ludwich
970 4271 1040 4322 Anu.
1057 4271 1122 4337 phil.
1142 4270 1201 4323 CIX
1221 4275 1272 4323 233
1292 4290 1350 4341 sqq.

275 4347 298 4419 ⁴)
318 4350 359 4423 Cf.
378 4350 544 4403 Scheindleri
562 4352 680 4414 ‘Quaest
699 4354 796 4408 Nonn’.
816 4358 889 4410 164.

278 4435 297 4502 ⁶)
316 4436 454 4503 Exempla,
484 4440 512 4489 in
543 4440 641 4505 quibus
672 4442 793 4507 syllabae
825 4445 853 4493 in
875 4444 943 4495 thesi
962 4445 1064 4509 positae
1081 4445 1273 4511 producuntur,
1293 4453 1355 4499 sunt
1372 4450 1450 4503 haec:
1470 4457 1489 4502 t.
1505 4456 1530 4503 in

190 4522 257 4572 tlresi
276 4524 371 4587 prima:
391 4530 418 4590 a)
438 4527 477 4575 lIl
497 4530 529 4579 15
549 4523 643 4593 ἔγνων,
661 4530 700 4580 lV
719 4535 751 4582 36
771 4527 865 4597 dulcis,
883 4532 922 4583 XI
942 4536 974 4583 72
993 4532 1128 4599 Kdrlmq3
1148 4534 1171 4597 b)
1192 4536 1217 4585 11
1236 4532 1352 4600 οέγνως
1380 4542 1403 4601 c)
1423 4539 1484 4589 XlIl
1501 4543 1529 4590 70
