3300 5059
34 4582 42 4646 l

132 218 172 277 76

131 409 327 469 Theocritum
358 406 493 487 adparet.
528 406 609 487 apud
641 407 807 467 Homerum
830 409 920 483 enim,
944 405 975 466 id
999 406 1080 487 quod
1106 406 1214 466 Hartel
1245 407 1361 486 primus
1391 405 1491 465 intel-

130 509 250 595 lexit¹),
275 512 396 573 DLXX
419 512 624 592 exemplorum
652 512 849 591 correptionis
871 512 960 571 huius
983 512 1103 591 generis
1129 532 1199 591 pars
1222 512 1313 589 longe
1345 513 1489 571 maxIma

131 612 385 702 (OOOOLXXX)
406 618 438 675 in
456 616 606 696 prioribus
622 616 703 676 tertii
720 624 750 675 et
766 616 865 696 quinti
888 615 974 696 pedis
998 615 1125 697 syllabis
1143 614 1288 675 brevibus
1310 616 1486 691 invenitur;

129 726 162 783 in
177 723 232 782 illa
250 721 372 802 quidem
387 740 492 781 versus
507 718 578 779 sede
594 718 680 781 0011
696 729 809 801 extant,
827 722 859 781 in
876 720 934 781 hac
950 719 1182 787 OGLXXVIH.
1201 720 1285 781 cuius
1300 721 1344 780 rei
1361 740 1488 780 causam

99 843 101 851 ¹
129 828 209 888 idem
233 827 383 909 exposuit:
416 826 620 901 intervallum,
647 826 728 907 quod
753 828 884 887 caesuris
906 827 1065 887 trochaicis
1086 827 1200 908 pedum
1222 828 1306 886 tertii
1330 833 1361 885 et
1384 826 1488 905 quinti

130 934 267 1008 efficitur,
291 931 452 1012 quominus
475 939 559 991 muta
582 953 608 993 c.
624 932 645 993 l.
670 932 784 991 vocalis
800 934 884 993 vocis
907 931 1113 992 antecedentis
1135 931 1329 1013 producatur,
1353 930 1481 1012 impedi·

129 1048 230 1098 mento
242 1046 296 1097 est.
313 1045 403 1117 atque
413 1036 493 1117 apud
509 1035 705 1097 Theocritum
722 1058 842 1119 quoque
858 1037 983 1097 eaedem
1000 1057 1104 1098 versus
1120 1037 1208 1097 sedes
1230 1037 1262 1097 in
1287 1057 1391 1096 earum
1412 1045 1487 1096 sunt

129 1163 261 1217 numero,
278 1143 309 1202 in
326 1140 433 1222 quibus
457 1143 668 1222 correptiones,
686 1142 848 1221 dequibus
872 1144 980 1221 agitur,
1005 1144 1181 1223 saepissime
1202 1141 1403 1222 reperiuntur.
1431 1140 1487 1201 sed

129 1249 220 1326 longe
244 1245 358 1307 recedit
378 1246 558 1307 Theocritus
575 1246 612 1307 ab
637 1267 694 1307 usu
709 1248 837 1309 Homeri
859 1249 890 1307 in
915 1246 1157 1328 correptionibus
1179 1249 1212 1307 in
1234 1247 1362 1307 confinio
1385 1247 1487 1326 singn-

130 1353 228 1412 lorum
243 1371 347 1411 versus
362 1349 474 1431 pedum
490 1350 695 1418 admittendis.
707 1352 859 1413 Homerus
875 1354 952 1413 enim
970 1361 1097 1432 excepto
1112 1351 1191 1432 pede
1205 1352 1301 1433 primo
1317 1352 1349 1409 in
1371 1349 1488 1430 dactyli

128 1458 188 1523 fine
214 1456 303 1523 huius
333 1456 413 1517 modi
441 1457 644 1537 correptiones
678 1452 832 1541 vitavit2),
861 1456 892 1515 id
916 1456 997 1537 quod
1020 1455 1217 1516 Theocritum
1239 1456 1346 1515 fecisse
1368 1455 1426 1514 nisi
1452 1456 1484 1513 in

130 1560 209 1642 pedo
225 1562 312 1621 tertio
335 1560 486 1620 adfirmari
509 1563 615 1642 nequit
646 1560 710 1635 (sed
734 1563 763 1620 in
786 1560 875 1620 huius
897 1560 983 1641 pedis
1005 1561 1065 1620 fine
1087 1580 1140 1619 our
1161 1560 1361 1639 paucissimae
1384 1568 1488 1619 extent

89 1698 91 1705 ·
131 1667 347 1747 correptiones,
370 1664 442 1725 inde
460 1665 676 1746 explicandum
699 1686 764 1725 esse
780 1665 911 1739 videtur,
937 1666 1017 1746 quod
1043 1666 1165 1726 omnino
1180 1665 1320 1725 vocabuli
1342 1665 1408 1725 finis
1430 1664 1488 1724 hac

134 1774 165 1832 in
187 1792 292 1831 versus
325 1770 395 1831 sede
418 1768 554 1853 vitatur).
591 1774 622 1831 in
655 1772 758 1851 primis
790 1770 848 1831 hac
875 1774 906 1831 in
934 1772 1021 1832 rein
1045 1791 1168 1831 censum
1192 1771 1277 1831 venit
1299 1769 1395 1829 altera
1417 1790 1487 1849 pars

130 1876 222 1935 thesis
246 1878 378 1956 quintae,
403 1876 456 1936 ubi
490 1877 685 1955 correptionis
707 1874 831 1935 Atticae
854 1879 883 1935 in
908 1877 1053 1936 extremis
1075 1876 1230 1935 vocabulis
1252 1875 1399 1935 admIssac
1421 1875 1487 1934 toti·

131 1981 198 2040 dem
222 1989 327 2040 extant
350 1982 500 2061 exempla,
533 1990 607 2060 quot
628 1982 660 2039 in
683 2000 810 2040 caesura
834 1983 914 2040 tertii
934 1981 1027 2061 pedis
1044 1981 1204 2044 trochaica.
1228 1978 1309 2061 apud
1323 1980 1489 2039 Homerum

132 2105 203 2145 vero
226 2086 258 2145 in
282 2084 335 2143 illa
351 2104 455 2144 versus
478 2083 550 2145 sede
573 2104 631 2143 non
647 2084 715 2165 plus
731 2086 789 2143 tria
806 2084 895 2144 huius
910 2086 1104 2165 correptionis
1119 2085 1260 2165 exempla
1274 2086 1484 2144 inveniuntur:

132 2193 162 2255 Ε
182 2192 244 2251 462
268 2190 401 2274 ἡγήτορι
426 2190 574 2274 Θρῃκῶν,
597 2192 627 2253 Λ
643 2190 705 2249 672
729 2192 853 2273 ἄρμενα
874 2192 1019 2274 πρόσσω,
1042 2193 1077 2253 Κ
1093 2194 1155 2250 234
1176 2191 1232 2253 καί
1253 2189 1324 2272 μέλι
1345 2189 1480 2272 χλωρόν.

218 2294 359 2355 Similiter
382 2304 481 2354 autem
503 2302 593 2374 atque
615 2296 646 2355 in
670 2294 834 2354 Theocrito
857 2315 906 2355 res
929 2315 961 2355 se
989 2294 1083 2355 habet
1107 2297 1197 2355 ctiam
1220 2292 1299 2375 apud
1324 2295 1399 2353 alios
1422 2295 1485 2353 cius

132 2400 274 2480 aequales
306 2400 389 2459 velut
420 2398 649 2479 Callimachum,
683 2401 736 2478 qui
764 2401 966 2479 correptiones
997 2399 1114 2459 Atticas
1142 2402 1173 2460 in
1201 2400 1341 2459 extremis
1363 2396 1485 2458 vocibus

133 2504 276 2585 plurimas
300 2504 419 2564 admisit
440 2506 471 2563 in
494 2504 553 2563 flue
575 2503 686 2585 pedum
710 2506 807 2584 quarti
831 2512 860 2563 et
883 2505 978 2584 quinti
986 2501 1021 2577 ³).
1044 2512 1147 2585 potest
1169 2512 1250 2564 vero
1266 2505 1355 2563 etiam
1376 2502 1433 2562 hac
1454 2503 1484 2561 iu

108 2630 164 2677 ¹re
196 2608 340 2687 indicium
372 2609 503 2688 conspici
529 2608 671 2691 ponderis
698 2617 798 2670 mutae
830 2631 855 2672 c.
879 2609 900 2670 l.
924 2607 1005 2689 apud
1027 2609 1115 2670 huius
1139 2611 1245 2669 aetatis
1266 2617 1372 2689 poetas
1397 2607 1484 2666 valde

131 2714 286 2775 imminuti.
311 2712 363 2772 sed
383 2714 519 2788 Nonnus,
545 2715 596 2793 qui
618 2714 649 2772 in
672 2715 845 2774 universum
868 2715 1062 2793 correptionis
1083 2714 1205 2773 Atticae
1224 2734 1311 2773 usum
1332 2710 1485 2770 artioribus

132 2820 360 2899 circumscripsit
391 2820 534 2892 terminis,
569 2838 607 2877 ex
636 2817 722 2899 pedis
753 2819 850 2898 quinti
877 2819 936 2878 fine
969 2820 1011 2879 ita
1035 2838 1100 2878 eam
1124 2818 1249 2898 expulit,
1280 2827 1313 2876 ut
1336 2837 1373 2877 ne
1397 2838 1484 2875 unum

132 2922 253 3005 quidem
274 2922 362 2984 huius
378 2924 496 3003 generis
512 2923 683 3004 exemplum
706 2924 736 2981 in
761 2921 947 2982 carminibus
965 2924 1028 2982 rius
1043 2920 1254 3003 inveniaturl).
1271 2920 1350 3000 quorl
1367 2922 1391 2979 si
1407 2920 1484 3001 apud

132 3027 324 3089 Theocritum
347 3031 378 3088 in
402 3028 495 3089 altera
519 3036 641 3109 quartae
664 3027 755 3087 thesis
776 3036 863 3109 parte
886 3037 932 3087 sat
952 3026 1124 3107 frequenter
1140 3026 1240 3086 hrcvis
1254 3026 1367 3086 vocalis
1382 3024 1479 3085 finalis

130 3283 252 3352 τρώγοις,
276 3287 317 3336 ΙΙΙ
335 3289 368 3337 26
385 3284 485 3346 Ὀλπις
502 3283 517 3337 ό
535 3287 653 3355 γριπεός,
676 3288 700 3337 V
719 3290 751 3338 86
771 3284 857 3339 είκατι
878 3288 982 3354 πληροῖ,
1007 3289 1056 3337 104
1074 3283 1131 3336 ἔστι
1149 3284 1179 3337 dd
1196 3284 1308 3353 κρατήρ,
1333 3288 1384 3336 124
1405 3282 1484 3335 τόδε

129 3372 281 3439 KpririaVI
298 3376 328 3423 16
347 3369 426 3424 ἁνίκα
446 3373 550 3441 φρόγει,
568 3375 649 3425 vlle
668 3373 751 3426 ἄνυσε
767 3372 879 3441 κράναν,
898 3377 930 3424 66
943 3369 973 3424 ἒν
984 3371 1050 3440 πυρὶ
1069 3371 1175 3442 φρυξεῖ,
1190 3376 1241 3423 -141
1259 3369 1350 3423 ἔστενε
1370 3370 1482 3439 τρυγών,

130 3459 195 3509 VIII
209 3463 241 3511 29
260 3457 343 3525 ἤθελε
359 3458 468 3527 κρίνειν,
487 3465 519 3512 32
540 3459 640 3528 ἄρξατο
658 3461 767 3530 κρότος,
790 3465 822 3512 76
841 3458 894 3511 ἁδὺ
913 3458 943 3511 τὸ
962 3465 1078 3528 πνεῦμα,
1097 3463 1131 3511 87
1150 3458 1265 3527 ἀμολγέα
1286 3462 1392 3528 πληροῖ,
1414 3461 1451 3511 IX
1470 3465 1481 3511 1

131 3543 209 3614 ἄρχεο
227 3547 378 3614 πρότος,Χ
403 3551 434 3599 19
448 3544 564 3620 αὐτόςὸ
586 3548 715 3615 Πλοῦτος,
733 3550 771 3599 XI
785 3552 816 3599 26
831 3545 911 3599 ἁνίκα
929 3549 1043 3616 apciton
1063 3548 1087 3614 ό)
1106 3548 1170 3599 XIV
1183 3550 1215 3598 70
1229 3541 1262 3606 ἇς
1287 3543 1357 3613 γόνυ
1373 3545 1483 3616 χλωρόν,

129 3633 222 3683 XVIII
242 3636 273 3684 19
291 3631 362 3684 λκετο
379 3636 513 3703 γλαῖναν;’
530 3635 552 3701 c)
570 3635 637 3687 XIII
663 3639 696 3688 46
715 3633 883 3703 πολυχανδέα
906 3631 1039 3702 κρωσσόν,
1062 3636 1125 3685 XVI
1151 3638 1183 3686 18
1200 3630 1219 3700 ἢ
1236 3633 1300 3699 γόνυ
1326 3634 1434 3701 avolsa,
1453 3638 1484 3685 22

132 3717 227 3771 ἔνδοθι
243 3720 348 3788 χρυσός,
375 3726 407 3773 33
427 3720 564 3790 ἀκτήμονα
586 3722 695 3789 κλαίων,
722 3725 754 3774 62
785 3721 899 3773 scariote
924 3721 1048 3789 πλίνθον,
1067 3724 1145 3774 XVII
1174 3725 1207 3773 80
1234 3720 1344 3789 βώλακα
1360 3721 1484 3788 θρύπτει,

131 3811 181 3859 166
199 3806 272 3859 πίονι
288 3809 393 3876 χρυσός,
411 3811 491 3862 XXII
506 3812 539 3862 87
556 3809 612 3862 ίετο
629 3810 748 3878 πρόσσω,
769 3812 817 3862 166
836 3807 923 3876 αὐτὰρ
942 3806 957 3861 ὁ
975 3808 1092 3876 πληγείς,
1112 3812 1161 3860 110
1173 3807 1274 3860 ἆεικέσι
1293 3810 1417 3875 πληγαῖς,
1437 3811 1484 3860 184

129 3893 232 3962 ἄντυγα
253 3894 373 3963 πρώτην,
400 3898 489 3947 XXIV
508 3900 540 3949 26
565 3897 719 3949 διελόκτισε
737 3899 857 3966 χλαῖναν,
885 3902 918 3949 34
936 3893 1071 3965 ἐπέδραμε
1094 3894 1193 3964 πρότα,
1222 3899 1254 3947 62
1278 3895 1345 3947 θέτο
1367 3898 1483 3963 χλαῖναν,

130 3987 179 4035 146
198 3980 292 4035 ἕννυτο
309 3984 422 4051 κυόμας,
439 3985 514 4035 XXV
527 3987 561 4035 44
586 3981 688 4035 ἐνθάδε
705 3982 796 4052 χρειώ,
814 3986 865 4035 264
885 3980 991 4049 ἔφλασα
1008 3983 1148 4051 προφθάς,
1165 3983 1219 4035 XII
1236 3988 1270 4035 30
1288 3982 1359 4052 εἴαρι
1375 3982 1483 4052 πρότφς

130 4070 159 4138 d)
179 4071 229 4122 XX
249 4070 366 4140 4χείλεα
384 4071 498 4140 θλίβειν,
520 4070 654 4139 ῖρήματα
673 4071 813 4140 φράσδεις,
831 4073 896 4123 XXI
910 4076 941 4124 14
954 4067 1032 4133 οὗτος
1049 4068 1064 4123 ὁ
1083 4074 1204 4139 πλοῦτος,
1223 4073 1314 4123 XXIII
1327 4076 1360 4123 34
1379 4068 1483 4139 ἁλμυρὰ

134 4156 264 4219 κλαόσεις.

219 4248 237 4311 ¹)
258 4247 279 4299 1.
300 4264 322 4299 c.
342 4249 363 4311 I,
381 4264 407 4313 p.
427 4250 460 4297 80
479 4264 516 4313 sq.

215 4331 235 4399 ²)
255 4334 295 4385 cf.
318 4333 421 4385 Hartel.
439 4335 457 4385 l.
476 4351 498 4385 c.
518 4334 538 4399 1,
556 4351 582 4400 p.
604 4336 647 4386 st.

215 4421 235 4485 ³)
257 4420 296 4470 Cf.
318 4422 409 4472 Prahl.
430 4422 447 4472 1.
469 4440 490 4472 r.
509 4438 534 4487 p.
555 4426 597 4484 42,
614 4422 715 4473 Benek.
734 4423 751 4473 l.
770 4440 792 4473 c.
811 4440 837 4487 p.
855 4425 898 4473 44.

200 4505 236 4582 st)
256 4507 295 4557 cf.
316 4506 479 4561 Scheindlor‘r
499 4510 626 4574 ‘Quaestt
647 4508 743 4561 Nonn'.
763 4511 776 4559 I
797 4512 830 4559 21
851 4525 889 4577 sq.
