<?xml version="1.0" encoding="UTF-8"?>
<!DOCTYPE html PUBLIC "-//W3C//DTD XHTML 1.0 Transitional//EN"
    "http://www.w3.org/TR/xhtml1/DTD/xhtml1-transitional.dtd">
<html xmlns="http://www.w3.org/1999/xhtml" xml:lang="en" lang="en">
 <head>
  <title>
</title>
<meta http-equiv="Content-Type" content="text/html;charset=utf-8" />
  <meta name='ocr-system' content='tesseract 3.04.00' />
  <meta name='ocr-capabilities' content='ocr_page ocr_carea ocr_par ocr_line ocrx_word'/>
</head>
<body>
  <div class='ocr_page' id='page_1' title='image "./dissertationesp07wiengoog_0204.png"; bbox 0 0 3300 5059; ppageno 0'>
   <div class='ocr_carea' id='block_1_1' title="bbox 1423 222 1481 287">
    <p class='ocr_par' dir='ltr' id='par_1_1' title="bbox 1423 222 1481 287">
     <span class='ocr_line' id='line_1_1' title="bbox 1423 222 1481 287; baseline 0 -3"><span class='ocrx_word' id='word_1_1' title='bbox 1423 222 1481 287; x_wconf 84' lang='lat'><strong>191</strong></span> 
     </span>
    </p>
   </div>
   <div class='ocr_carea' id='block_1_2' title="bbox 132 408 1542 497">
    <p class='ocr_par' dir='ltr' id='par_1_2' title="bbox 132 372 1647 505">
     <span class='ocr_line' id='line_1_2' title="bbox 132 408 1542 497; baseline 0.007 -28"><span class='ocrx_word' id='word_1_2' title='bbox 132 410 277 471; x_wconf 88' lang='lat' dir='ltr'><strong>debemus</strong></span> <span class='ocrx_word' id='word_1_3' title='bbox 299 410 396 472; x_wconf 91' lang='lat' dir='ltr'><strong>verba</strong></span> <span class='ocrx_word' id='word_1_4' title='bbox 419 415 579 493; x_wconf 73' lang='lat' dir='ltr'>sequentia</span> <span class='ocrx_word' id='word_1_5' title='bbox 606 434 625 473; x_wconf 95' lang='lat' dir='ltr'><strong>a</strong></span> <span class='ocrx_word' id='word_1_6' title='bbox 646 410 803 474; x_wconf 81' lang='lat' dir='ltr'><strong>vocalibus</strong></span> <span class='ocrx_word' id='word_1_7' title='bbox 824 409 977 489; x_wconf 78' lang='lat' dir='ltr'><strong>inchoare,</strong></span> <span class='ocrx_word' id='word_1_8' title='bbox 1000 408 1041 473; x_wconf 76' lang='lat' dir='ltr'><strong>¹ut</strong></span> <span class='ocrx_word' id='word_1_9' title='bbox 1063 412 1205 495; x_wconf 86' lang='lat' dir='ltr'><strong>depereat</strong></span> <span class='ocrx_word' id='word_1_10' title='bbox 1233 415 1349 497; x_wconf 89' lang='lat' dir='ltr'><strong>aliquid</strong></span> <span class='ocrx_word' id='word_1_11' title='bbox 1371 415 1409 477; x_wconf 92' lang='lat' dir='ltr'><strong>de</strong></span> <span class='ocrx_word' id='word_1_12' title='bbox 1432 418 1484 479; x_wconf 91' lang='lat' dir='ltr'><strong>illa</strong></span> <span class='ocrx_word' id='word_1_13' title='bbox 1539 467 1542 472; x_wconf 93' lang='lat'><strong>.</strong></span> 
     </span>
    </p>
   </div>
   <div class='ocr_carea' id='block_1_3' title="bbox 129 515 1485 2315">
    <p class='ocr_par' dir='ltr' id='par_1_3' title="bbox 129 515 1485 1864">
     <span class='ocr_line' id='line_1_3' title="bbox 129 515 1485 599; baseline 0.006 -22"><span class='ocrx_word' id='word_1_14' title='bbox 129 536 255 590; x_wconf 91' lang='lat' dir='ltr'><strong>summa,</strong></span> <span class='ocrx_word' id='word_1_15' title='bbox 273 522 403 597; x_wconf 83' lang='lat' dir='ltr'><strong>utputa,</strong></span> <span class='ocrx_word' id='word_1_16' title='bbox 420 517 446 576; x_wconf 87' lang='lat' dir='ltr'><strong>si</strong></span> <span class='ocrx_word' id='word_1_17' title='bbox 462 515 559 578; x_wconf 85' lang='lat' dir='ltr'><strong>dicas:</strong></span> <span class='ocrx_word' id='word_1_18' title='bbox 583 516 648 592; x_wconf 84' lang='lat' dir='ltr'><strong>,lex</strong></span> <span class='ocrx_word' id='word_1_19' title='bbox 661 518 723 578; x_wconf 85' lang='lat' dir='ltr'><strong>ima</strong></span> <span class='ocrx_word' id='word_1_20' title='bbox 738 526 786 578; x_wconf 87' lang='lat' dir='ltr'><strong>est</strong></span> <span class='ocrx_word' id='word_1_21' title='bbox 798 518 1000 599; x_wconf 81' lang='lat' dir='ltr'><strong>quodcunque</strong></span> <span class='ocrx_word' id='word_1_22' title='bbox 1012 516 1120 595; x_wconf 76' lang='lat' dir='ltr'><strong>velia’,</strong></span> <span class='ocrx_word' id='word_1_23' title='bbox 1136 518 1346 597; x_wconf 65' lang='lat' dir='ltr'><strong>levius&#39;sonat,</strong></span> <span class='ocrx_word' id='word_1_24' title='bbox 1363 523 1389 583; x_wconf 90' lang='lat' dir='ltr'><strong>si</strong></span> <span class='ocrx_word' id='word_1_25' title='bbox 1402 522 1485 585; x_wconf 89' lang='lat' dir='ltr'><strong>dicas</strong></span> 
     </span>
     <span class='ocr_line' id='line_1_4' title="bbox 129 620 1483 704; baseline 0.007 -24"><span class='ocrx_word' id='word_1_26' title='bbox 129 620 197 698; x_wconf 86' lang='lat' dir='ltr'><strong>,lex</strong></span> <span class='ocrx_word' id='word_1_27' title='bbox 226 620 289 680; x_wconf 87' lang='lat' dir='ltr'><strong>ima</strong></span> <span class='ocrx_word' id='word_1_28' title='bbox 322 620 382 682; x_wconf 88' lang='lat' dir='ltr'><strong>est’</strong></span> <span class='ocrx_word' id='word_1_29' title='bbox 414 642 505 702; x_wconf 86' lang='lat' dir='ltr'><strong>quam</strong></span> <span class='ocrx_word' id='word_1_30' title='bbox 537 622 564 685; x_wconf 91' lang='lat' dir='ltr'><strong>si</strong></span> <span class='ocrx_word' id='word_1_31' title='bbox 593 621 675 684; x_wconf 88' lang='lat' dir='ltr'><strong>dicas</strong></span> <span class='ocrx_word' id='word_1_32' title='bbox 698 623 764 700; x_wconf 83' lang='lat' dir='ltr'><strong>,lex</strong></span> <span class='ocrx_word' id='word_1_33' title='bbox 786 624 885 704; x_wconf 85' lang='lat' dir='ltr'><strong>prima</strong></span> <span class='ocrx_word' id='word_1_34' title='bbox 907 620 974 683; x_wconf 88' lang='lat' dir='ltr'><strong>est&#39;.</strong></span> <span class='ocrx_word' id='word_1_35' title='bbox 998 623 1119 685; x_wconf 85' lang='lat' dir='ltr'><strong>omuino</strong></span> <span class='ocrx_word' id='word_1_36' title='bbox 1140 620 1332 687; x_wconf 56' lang='lat' dir='ltr'><strong>hoc&#39;debent</strong></span> <span class='ocrx_word' id='word_1_37' title='bbox 1353 648 1483 704; x_wconf 88' lang='lat' dir='ltr'><strong>servare,</strong></span> 
     </span>
     <span class='ocr_line' id='line_1_5' title="bbox 129 722 1482 815; baseline 0.007 -29"><span class='ocrx_word' id='word_1_38' title='bbox 129 726 181 808; x_wconf 90' lang='lat' dir='ltr'><strong>qui</strong></span> <span class='ocrx_word' id='word_1_39' title='bbox 202 726 312 787; x_wconf 90' lang='lat' dir='ltr'><strong>volunt</strong></span> <span class='ocrx_word' id='word_1_40' title='bbox 332 726 464 789; x_wconf 90' lang='lat' dir='ltr'><strong>lubricos</strong></span> <span class='ocrx_word' id='word_1_41' title='bbox 486 748 591 790; x_wconf 88' lang='lat' dir='ltr'><strong>versus</strong></span> <span class='ocrx_word' id='word_1_42' title='bbox 613 736 645 788; x_wconf 87' lang='lat' dir='ltr'><strong>et</strong></span> <span class='ocrx_word' id='word_1_43' title='bbox 666 738 820 790; x_wconf 84' lang='lat' dir='ltr'><strong>curreutes</strong></span> <span class='ocrx_word' id='word_1_44' title='bbox 844 728 962 790; x_wconf 63' lang='lat' dir='ltr'><strong>facere!</strong></span> <span class='ocrx_word' id='word_1_45' title='bbox 979 726 1197 791; x_wconf 85' lang='lat' dir='ltr'><strong>Priscianus</strong></span> <span class='ocrx_word' id='word_1_46' title='bbox 1211 728 1254 805; x_wconf 91' lang='lat' dir='ltr'><strong>H,</strong></span> <span class='ocrx_word' id='word_1_47' title='bbox 1271 752 1302 812; x_wconf 90' lang='lat' dir='ltr'><strong>p.</strong></span> <span class='ocrx_word' id='word_1_48' title='bbox 1314 735 1354 793; x_wconf 79' lang='lat'><strong>52</strong></span> <span class='ocrx_word' id='word_1_49' title='bbox 1370 722 1482 815; x_wconf 62' lang='lat' dir='ltr'><strong>s&#39;q.H.:</strong></span> 
     </span>
     <span class='ocr_line' id='line_1_6' title="bbox 131 832 1483 916; baseline 0.004 -23"><span class='ocrx_word' id='word_1_50' title='bbox 131 834 180 907; x_wconf 86' lang='lat' dir='ltr'><strong>,In</strong></span> <span class='ocrx_word' id='word_1_51' title='bbox 207 832 307 911; x_wconf 89' lang='lat' dir='ltr'><strong>longis</strong></span> <span class='ocrx_word' id='word_1_52' title='bbox 333 840 442 894; x_wconf 89' lang='lat' dir='ltr'><strong>natura</strong></span> <span class='ocrx_word' id='word_1_53' title='bbox 463 834 515 895; x_wconf 88' lang='lat' dir='ltr'><strong>vel</strong></span> <span class='ocrx_word' id='word_1_54' title='bbox 544 834 696 915; x_wconf 80' lang='lat' dir='ltr'><strong>positione</strong></span> <span class='ocrx_word' id='word_1_55' title='bbox 723 833 782 895; x_wconf 86' lang='lat' dir='ltr'><strong>duo</strong></span> <span class='ocrx_word' id='word_1_56' title='bbox 808 844 881 895; x_wconf 82' lang='lat' dir='ltr'><strong>sunt</strong></span> <span class='ocrx_word' id='word_1_57' title='bbox 905 844 1050 916; x_wconf 83' lang='lat' dir='ltr'><strong>tempora,</strong></span> <span class='ocrx_word' id='word_1_58' title='bbox 1073 843 1108 896; x_wconf 80' lang='lat' dir='ltr'><strong>ut</strong></span> <span class='ocrx_word' id='word_1_59' title='bbox 1130 836 1182 911; x_wconf 75' lang='lat' dir='ltr'><strong>d‘o&#39;,</strong></span> <span class='ocrx_word' id='word_1_60' title='bbox 1204 838 1279 916; x_wconf 65' lang='lat' dir='ltr'><strong>ars,</strong></span> <span class='ocrx_word' id='word_1_61' title='bbox 1302 836 1361 897; x_wconf 90' lang='lat' dir='ltr'><strong>duo</strong></span> <span class='ocrx_word' id='word_1_62' title='bbox 1383 839 1483 916; x_wconf 86' lang='lat' dir='ltr'><strong>semis,</strong></span> 
     </span>
     <span class='ocr_line' id='line_1_7' title="bbox 132 937 1483 1026; baseline 0.004 -28"><span class='ocrx_word' id='word_1_63' title='bbox 132 937 252 1019; x_wconf 90' lang='lat' dir='ltr'><strong>quando</strong></span> <span class='ocrx_word' id='word_1_64' title='bbox 279 947 348 1019; x_wconf 85' lang='lat' dir='ltr'><strong>post</strong></span> <span class='ocrx_word' id='word_1_65' title='bbox 370 938 508 1001; x_wconf 78' lang='lat' dir='ltr'><strong>vocalem</strong></span> <span class='ocrx_word' id='word_1_66' title='bbox 529 949 638 1000; x_wconf 83' lang='lat' dir='ltr'><strong>natura</strong></span> <span class='ocrx_word' id='word_1_67' title='bbox 659 940 782 1020; x_wconf 81' lang='lat' dir='ltr'><strong>longam</strong></span> <span class='ocrx_word' id='word_1_68' title='bbox 804 960 867 1002; x_wconf 86' lang='grc' dir='ltr'><strong>ιιιιιι</strong></span> <span class='ocrx_word' id='word_1_69' title='bbox 887 941 1024 1021; x_wconf 85' lang='lat' dir='ltr'><strong>sequitur</strong></span> <span class='ocrx_word' id='word_1_70' title='bbox 1046 952 1222 1016; x_wconf 85' lang='lat' dir='ltr'><strong>consonans,</strong></span> <span class='ocrx_word' id='word_1_71' title='bbox 1255 950 1289 1002; x_wconf 85' lang='lat' dir='ltr'><strong>ut</strong></span> <span class='ocrx_word' id='word_1_72' title='bbox 1321 942 1384 1013; x_wconf 71' lang='lat' dir='ltr'><strong>sul,</strong></span> <span class='ocrx_word' id='word_1_73' title='bbox 1415 943 1483 1026; x_wconf 80' lang='lat' dir='ltr'><strong>tria,</strong></span> 
     </span>
     <span class='ocr_line' id='line_1_8' title="bbox 131 1043 1485 1127; baseline 0.004 -24"><span class='ocrx_word' id='word_1_74' title='bbox 131 1043 252 1124; x_wconf 89' lang='lat' dir='ltr'><strong>quando</strong></span> <span class='ocrx_word' id='word_1_75' title='bbox 280 1053 348 1125; x_wconf 90' lang='lat' dir='ltr'><strong>post</strong></span> <span class='ocrx_word' id='word_1_76' title='bbox 369 1044 507 1106; x_wconf 81' lang='lat' dir='ltr'><strong>vocalem</strong></span> <span class='ocrx_word' id='word_1_77' title='bbox 528 1053 636 1107; x_wconf 87' lang='lat' dir='ltr'><strong>natura</strong></span> <span class='ocrx_word' id='word_1_78' title='bbox 662 1045 785 1126; x_wconf 86' lang='lat' dir='ltr'><strong>longam</strong></span> <span class='ocrx_word' id='word_1_79' title='bbox 813 1044 892 1105; x_wconf 87' lang='lat' dir='ltr'><strong>dnae</strong></span> <span class='ocrx_word' id='word_1_80' title='bbox 920 1053 1118 1107; x_wconf 74' lang='lat' dir='ltr'><strong>consonantes</strong></span> <span class='ocrx_word' id='word_1_81' title='bbox 1151 1054 1319 1127; x_wconf 85' lang='lat' dir='ltr'><strong>sequuntur</strong></span> <span class='ocrx_word' id='word_1_82' title='bbox 1340 1048 1391 1109; x_wconf 89' lang='lat' dir='ltr'><strong>vel</strong></span> <span class='ocrx_word' id='word_1_83' title='bbox 1424 1070 1485 1108; x_wconf 91' lang='lat' dir='ltr'><strong>una</strong></span> 
     </span>
     <span class='ocr_line' id='line_1_9' title="bbox 131 1142 1001 1231; baseline 0.015 -23"><span class='ocrx_word' id='word_1_84' title='bbox 131 1147 254 1231; x_wconf 85' lang='lat' dir='ltr'><strong>duplex,</strong></span> <span class='ocrx_word' id='word_1_85' title='bbox 278 1160 312 1212; x_wconf 88' lang='lat' dir='ltr'><strong>ut</strong></span> <span class='ocrx_word' id='word_1_86' title='bbox 332 1154 441 1223; x_wconf 67' lang='lat' dir='ltr'><strong>mons,</strong></span> <span class='ocrx_word' id='word_1_87' title='bbox 463 1152 538 1217; x_wconf 64' lang='lat' dir='ltr'><strong>rex.</strong></span> <span class='ocrx_word' id='word_1_88' title='bbox 997 1142 1001 1147; x_wconf 19' lang='grc' dir='ltr'><strong>Δ</strong></span> 
     </span>
     <span class='ocr_line' id='line_1_10' title="bbox 142 1246 1483 1339; baseline 0.001 -22"><span class='ocrx_word' id='word_1_89' title='bbox 142 1258 150 1269; x_wconf 84' lang='grc'><strong>’</strong></span> <span class='ocrx_word' id='word_1_90' title='bbox 215 1256 325 1338; x_wconf 84' lang='lat' dir='ltr'><strong>Neque</strong></span> <span class='ocrx_word' id='word_1_91' title='bbox 345 1267 464 1320; x_wconf 87' lang='lat' dir='ltr'><strong>veteres</strong></span> <span class='ocrx_word' id='word_1_92' title='bbox 485 1249 706 1339; x_wconf 86' lang='lat' dir='ltr'><strong>grammaticos,</strong></span> <span class='ocrx_word' id='word_1_93' title='bbox 729 1248 796 1317; x_wconf 83' lang='lat' dir='ltr'><strong>cum</strong></span> <span class='ocrx_word' id='word_1_94' title='bbox 818 1254 895 1319; x_wconf 88' lang='lat' dir='ltr'><strong>haec</strong></span> <span class='ocrx_word' id='word_1_95' title='bbox 909 1257 1094 1337; x_wconf 78' lang='lat' dir='ltr'><strong>proferrent,</strong></span> <span class='ocrx_word' id='word_1_96' title='bbox 1107 1246 1271 1319; x_wconf 69' lang='lat' dir='ltr'><strong>hariolatus</strong></span> <span class='ocrx_word' id='word_1_97' title='bbox 1294 1276 1369 1330; x_wconf 90' lang='lat' dir='ltr'><strong>esse,</strong></span> <span class='ocrx_word' id='word_1_98' title='bbox 1392 1258 1483 1319; x_wconf 90' lang='lat' dir='ltr'><strong>immo</strong></span> 
     </span>
     <span class='ocr_line' id='line_1_11' title="bbox 132 1351 1484 1443; baseline 0.002 -22"><span class='ocrx_word' id='word_1_99' title='bbox 132 1380 171 1421; x_wconf 86' lang='lat' dir='ltr'><strong>ex</strong></span> <span class='ocrx_word' id='word_1_100' title='bbox 185 1361 293 1423; x_wconf 85' lang='lat' dir='ltr'><strong>intima</strong></span> <span class='ocrx_word' id='word_1_101' title='bbox 309 1363 382 1423; x_wconf 88' lang='lat' dir='ltr'><strong>artis</strong></span> <span class='ocrx_word' id='word_1_102' title='bbox 397 1365 505 1424; x_wconf 87' lang='lat' dir='ltr'><strong>notitia</strong></span> <span class='ocrx_word' id='word_1_103' title='bbox 520 1362 711 1443; x_wconf 77' lang='lat' dir='ltr'><strong>disciplinam</strong></span> <span class='ocrx_word' id='word_1_104' title='bbox 732 1352 815 1422; x_wconf 91' lang='lat' dir='ltr'><strong>illam</strong></span> <span class='ocrx_word' id='word_1_105' title='bbox 830 1360 870 1421; x_wconf 91' lang='lat' dir='ltr'><strong>de</strong></span> <span class='ocrx_word' id='word_1_106' title='bbox 885 1351 1031 1442; x_wconf 84' lang='lat' dir='ltr'><strong>peculiari</strong></span> <span class='ocrx_word' id='word_1_107' title='bbox 1048 1362 1276 1426; x_wconf 86' lang='lat' dir='ltr'><strong>consonantium</strong></span> <span class='ocrx_word' id='word_1_108' title='bbox 1291 1383 1323 1422; x_wconf 86' lang='lat' dir='ltr'><strong>vs</strong></span> <span class='ocrx_word' id='word_1_109' title='bbox 1312 1361 1484 1439; x_wconf 87' lang='lat' dir='ltr'><strong>&#39;hausisse,</strong></span> 
     </span>
     <span class='ocr_line' id='line_1_12' title="bbox 132 1465 1485 1565; baseline 0.004 -41"><span class='ocrx_word' id='word_1_110' title='bbox 132 1465 268 1529; x_wconf 89' lang='lat' dir='ltr'><strong>denuo</strong></span> <span class='ocrx_word' id='word_1_111' title='bbox 259 1488 291 1529; x_wconf 92' lang='grc' dir='ltr'><strong>ιιι</strong></span> <span class='ocrx_word' id='word_1_112' title='bbox 318 1469 399 1529; x_wconf 90' lang='lat' dir='ltr'><strong>clara</strong></span> <span class='ocrx_word' id='word_1_113' title='bbox 426 1470 494 1531; x_wconf 93' lang='lat' dir='ltr'><strong>luce</strong></span> <span class='ocrx_word' id='word_1_114' title='bbox 519 1470 651 1551; x_wconf 84' lang='lat' dir='ltr'><strong>positum</strong></span> <span class='ocrx_word' id='word_1_115' title='bbox 679 1479 725 1528; x_wconf 88' lang='lat' dir='ltr'><strong>cst</strong></span> <span class='ocrx_word' id='word_1_116' title='bbox 747 1468 972 1548; x_wconf 82' lang='lat' dir='ltr'><strong>experimentis,</strong></span> <span class='ocrx_word' id='word_1_117' title='bbox 1005 1486 1083 1547; x_wconf 87' lang='lat' dir='ltr'><strong>quae</strong></span> <span class='ocrx_word' id='word_1_118' title='bbox 1114 1468 1187 1527; x_wconf 85' lang='lat' dir='ltr'><strong>fecit</strong></span> <span class='ocrx_word' id='word_1_119' title='bbox 1208 1466 1331 1527; x_wconf 80' lang='lat' dir='ltr'><strong>Briicke</strong></span> <span class='ocrx_word' id='word_1_120' title='bbox 1362 1468 1485 1565; x_wconf 87' lang='lat' dir='ltr'><strong>linguae</strong></span> 
     </span>
     <span class='ocr_line' id='line_1_13' title="bbox 133 1561 1485 1651; baseline 0.001 -20"><span class='ocrx_word' id='word_1_121' title='bbox 133 1574 316 1633; x_wconf 84' lang='lat' dir='ltr'><strong>vernaculae</strong></span> <span class='ocrx_word' id='word_1_122' title='bbox 338 1573 476 1635; x_wconf 89' lang='lat' dir='ltr'><strong>versibus</strong></span> <span class='ocrx_word' id='word_1_123' title='bbox 500 1566 689 1648; x_wconf 88' lang='lat' dir='ltr'><strong>examinatis,</strong></span> <span class='ocrx_word' id='word_1_124' title='bbox 713 1574 798 1633; x_wconf 90' lang='lat' dir='ltr'><strong>cuius</strong></span> <span class='ocrx_word' id='word_1_125' title='bbox 813 1574 874 1633; x_wconf 83' lang='lat' dir='ltr'><strong>viru</strong></span> <span class='ocrx_word' id='word_1_126' title='bbox 864 1561 1056 1633; x_wconf 78' lang='lat' dir='ltr'><strong>doctissimi</strong></span> <span class='ocrx_word' id='word_1_127' title='bbox 1076 1579 1239 1651; x_wconf 85' lang='lat' dir='ltr'><strong>praecepta</strong></span> <span class='ocrx_word' id='word_1_128' title='bbox 1261 1580 1348 1632; x_wconf 89' lang='lat' dir='ltr'><strong>tanto</strong></span> <span class='ocrx_word' id='word_1_129' title='bbox 1363 1574 1485 1633; x_wconf 88' lang='lat' dir='ltr'><strong>maioris</strong></span> 
     </span>
     <span class='ocr_line' id='line_1_14' title="bbox 133 1662 1481 1775; baseline 0.001 -40"><span class='ocrx_word' id='word_1_130' title='bbox 133 1687 203 1737; x_wconf 89' lang='lat' dir='ltr'><strong>sunt</strong></span> <span class='ocrx_word' id='word_1_131' title='bbox 224 1678 369 1759; x_wconf 88' lang='lat' dir='ltr'><strong>putanda,</strong></span> <span class='ocrx_word' id='word_1_132' title='bbox 393 1681 570 1760; x_wconf 89' lang='lat' dir='ltr'><strong>praesertim</strong></span> <span class='ocrx_word' id='word_1_133' title='bbox 594 1700 661 1739; x_wconf 91' lang='lat' dir='ltr'><strong>cum</strong></span> <span class='ocrx_word' id='word_1_134' title='bbox 675 1680 768 1752; x_wconf 92' lang='lat' dir='ltr'><strong>nulla,</strong></span> <span class='ocrx_word' id='word_1_135' title='bbox 792 1685 937 1757; x_wconf 86' lang='lat' dir='ltr'><strong>quantum</strong></span> <span class='ocrx_word' id='word_1_136' title='bbox 949 1676 1054 1751; x_wconf 85' lang='lat' dir='ltr'><strong>viden,</strong></span> <span class='ocrx_word' id='word_1_137' title='bbox 1070 1684 1205 1738; x_wconf 86' lang='lat' dir='ltr'><strong>veterum</strong></span> <span class='ocrx_word' id='word_1_138' title='bbox 1220 1662 1481 1775; x_wconf 78' lang='lat' dir='ltr'><strong>grammaticorum</strong></span> 
     </span>
     <span class='ocr_line' id='line_1_15' title="bbox 135 1781 1192 1864; baseline 0 -23"><span class='ocrx_word' id='word_1_139' title='bbox 135 1782 253 1843; x_wconf 90' lang='lat' dir='ltr'><strong>ratione</strong></span> <span class='ocrx_word' id='word_1_140' title='bbox 274 1782 410 1843; x_wconf 85' lang='lat' dir='ltr'><strong>habita</strong></span> <span class='ocrx_word' id='word_1_141' title='bbox 401 1804 468 1864; x_wconf 89' lang='lat' dir='ltr'><strong>rpse</strong></span> <span class='ocrx_word' id='word_1_142' title='bbox 490 1782 570 1844; x_wconf 89' lang='lat' dir='ltr'><strong>idom</strong></span> <span class='ocrx_word' id='word_1_143' title='bbox 594 1792 686 1863; x_wconf 89' lang='lat' dir='ltr'><strong>atquo</strong></span> <span class='ocrx_word' id='word_1_144' title='bbox 709 1783 754 1841; x_wconf 91' lang='lat' dir='ltr'><strong>illi</strong></span> <span class='ocrx_word' id='word_1_145' title='bbox 777 1781 1011 1862; x_wconf 85' lang='lat' dir='ltr'><strong>praeceperitl.</strong></span> <span class='ocrx_word' id='word_1_146' title='bbox 1036 1800 1061 1841; x_wconf 93' lang='grc' dir='ltr'><strong>ο.</strong></span> <span class='ocrx_word' id='word_1_147' title='bbox 1084 1800 1115 1861; x_wconf 91' lang='lat' dir='ltr'><strong>p</strong></span> <span class='ocrx_word' id='word_1_148' title='bbox 1141 1782 1192 1842; x_wconf 90' lang='grc'><strong>71</strong></span> 
     </span>
    </p>

    <p class='ocr_par' dir='ltr' id='par_1_4' title="bbox 130 1874 1485 2315">
     <span class='ocr_line' id='line_1_16' title="bbox 222 1874 1485 1968; baseline 0.001 -23"><span class='ocrx_word' id='word_1_149' title='bbox 222 1887 311 1947; x_wconf 87' lang='grc' dir='ltr'><strong>Ηίι</strong></span> <span class='ocrx_word' id='word_1_150' title='bbox 302 1909 362 1949; x_wconf 91' lang='lat' dir='ltr'><strong>ram</strong></span> <span class='ocrx_word' id='word_1_151' title='bbox 382 1889 557 1968; x_wconf 88' lang='lat' dir='ltr'><strong>praemissis</strong></span> <span class='ocrx_word' id='word_1_152' title='bbox 573 1887 635 1947; x_wconf 92' lang='lat' dir='ltr'><strong>ad</strong></span> <span class='ocrx_word' id='word_1_153' title='bbox 626 1908 692 1968; x_wconf 90' lang='lat' dir='ltr'><strong>rpsa</strong></span> <span class='ocrx_word' id='word_1_154' title='bbox 707 1886 847 1967; x_wconf 88' lang='lat' dir='ltr'><strong>exempla</strong></span> <span class='ocrx_word' id='word_1_155' title='bbox 862 1876 1068 1966; x_wconf 79' lang='lat' dir='ltr'><strong>percensenda</strong></span> <span class='ocrx_word' id='word_1_156' title='bbox 1083 1875 1279 1949; x_wconf 78' lang='lat' dir='ltr'><strong>transeamus.</strong></span> <span class='ocrx_word' id='word_1_157' title='bbox 1304 1905 1339 1945; x_wconf 90' lang='lat' dir='ltr'><strong>ac</strong></span> <span class='ocrx_word' id='word_1_158' title='bbox 1353 1874 1485 1965; x_wconf 81' lang='lat' dir='ltr'><strong>primum</strong></span> 
     </span>
     <span class='ocr_line' id='line_1_17' title="bbox 131 1980 1485 2072; baseline -0.003 -19"><span class='ocrx_word' id='word_1_159' title='bbox 131 1992 253 2072; x_wconf 89' lang='lat' dir='ltr'><strong>quidem</strong></span> <span class='ocrx_word' id='word_1_160' title='bbox 285 2013 336 2053; x_wconf 92' lang='lat' dir='ltr'><strong>eos</strong></span> <span class='ocrx_word' id='word_1_161' title='bbox 368 1992 577 2054; x_wconf 77' lang='lat' dir='ltr'><strong>adnotabimus</strong></span> <span class='ocrx_word' id='word_1_162' title='bbox 608 1993 698 2067; x_wconf 91' lang='lat' dir='ltr'><strong>locos,</strong></span> <span class='ocrx_word' id='word_1_163' title='bbox 735 1980 844 2072; x_wconf 87' lang='lat' dir='ltr'><strong>quibus</strong></span> <span class='ocrx_word' id='word_1_164' title='bbox 874 1981 1032 2071; x_wconf 74' lang='lat' dir='ltr'><strong>longitudo</strong></span> <span class='ocrx_word' id='word_1_165' title='bbox 1063 1990 1186 2051; x_wconf 86' lang='lat' dir='ltr'><strong>trisema</strong></span> <span class='ocrx_word' id='word_1_166' title='bbox 1216 2011 1232 2050; x_wconf 91' lang='lat' dir='ltr'><strong>e</strong></span> <span class='ocrx_word' id='word_1_167' title='bbox 1262 1990 1485 2071; x_wconf 90' lang='lat' dir='ltr'><strong>prosodiaca</strong></span> 
     </span>
     <span class='ocr_line' id='line_1_18' title="bbox 130 2093 1484 2177; baseline -0.001 -19"><span class='ocrx_word' id='word_1_168' title='bbox 130 2116 274 2177; x_wconf 89' lang='lat' dir='ltr'><strong>quoque</strong></span> <span class='ocrx_word' id='word_1_169' title='bbox 295 2098 439 2158; x_wconf 88' lang='lat' dir='ltr'><strong>ratione</strong></span> <span class='ocrx_word' id='word_1_170' title='bbox 467 2106 503 2158; x_wconf 89' lang='lat' dir='ltr'><strong>et</strong></span> <span class='ocrx_word' id='word_1_171' title='bbox 525 2096 584 2175; x_wconf 85' lang='lat' dir='ltr'><strong>,de</strong></span> <span class='ocrx_word' id='word_1_172' title='bbox 606 2106 736 2157; x_wconf 90' lang='lat' dir='ltr'><strong>natura</strong></span> <span class='ocrx_word' id='word_1_173' title='bbox 759 2106 794 2157; x_wconf 84' lang='lat' dir='ltr'><strong>et</strong></span> <span class='ocrx_word' id='word_1_174' title='bbox 824 2093 1079 2176; x_wconf 89' lang='lat' dir='ltr'><strong>depositione</strong></span> <span class='ocrx_word' id='word_1_175' title='bbox 1106 2094 1288 2175; x_wconf 84' lang='lat' dir='ltr'><strong>longioris</strong></span> <span class='ocrx_word' id='word_1_176' title='bbox 1311 2095 1484 2176; x_wconf 87' lang='lat' dir='ltr'><strong>syllabae</strong></span> 
     </span>
     <span class='ocr_line' id='line_1_19' title="bbox 131 2186 1218 2315; baseline 0.002 -54"><span class='ocrx_word' id='word_1_177' title='bbox 131 2201 558 2263; x_wconf 86' lang='lat' dir='ltr'><strong>habetincrcmentum‘:</strong></span> <span class='ocrx_word' id='word_1_178' title='bbox 716 2225 720 2234; x_wconf 78' lang='grc'>’</span> <span class='ocrx_word' id='word_1_179' title='bbox 756 2254 854 2315; x_wconf 54' lang='lat' dir='ltr'><strong>meh</strong></span> <span class='ocrx_word' id='word_1_180' title='bbox 893 2209 895 2213; x_wconf 83' lang='grc'><strong>’</strong></span> <span class='ocrx_word' id='word_1_181' title='bbox 947 2191 958 2219; x_wconf 68' lang='lat'><strong><em>⁷</em></strong></span> <span class='ocrx_word' id='word_1_182' title='bbox 1215 2186 1218 2195; x_wconf 38' lang='lat'><strong>¹</strong></span> 
     </span>
    </p>
   </div>
   <div class='ocr_carea' id='block_1_4' title="bbox 218 2354 1426 3802">
    <p class='ocr_par' dir='ltr' id='par_1_5' title="bbox 218 2354 1419 3802">
     <span class='ocr_line' id='line_1_20' title="bbox 219 2354 1103 2445; baseline 0.003 -26"><span class='ocrx_word' id='word_1_183' title='bbox 219 2360 432 2421; x_wconf 72' lang='lat' dir='ltr'><strong>Pers.&#39;1027</strong></span> <span class='ocrx_word' id='word_1_184' title='bbox 522 2360 674 2424; x_wconf 83' lang='grc' dir='ltr'><strong><em>Ἰαόνων·</em></strong></span> <span class='ocrx_word' id='word_1_185' title='bbox 697 2359 780 2435; x_wconf 68' lang='grc' dir='ltr'><strong><em>λαὸς»</em></strong></span> <span class='ocrx_word' id='word_1_186' title='bbox 796 2358 837 2422; x_wconf 84' lang='grc' dir='ltr'><strong>οὐ</strong></span> <span class='ocrx_word' id='word_1_187' title='bbox 860 2354 1103 2445; x_wconf 64' lang='lat' dir='ltr'><strong>popul-xpeel).</strong></span> 
     </span>
     <span class='ocr_line' id='line_1_21' title="bbox 220 2464 968 2550; baseline 0.004 -27"><span class='ocrx_word' id='word_1_188' title='bbox 220 2465 280 2541; x_wconf 85' lang='lat' dir='ltr'><strong>Ag.</strong></span> <span class='ocrx_word' id='word_1_189' title='bbox 369 2466 431 2524; x_wconf 88' lang='grc'><strong>489</strong></span> <span class='ocrx_word' id='word_1_190' title='bbox 518 2464 673 2547; x_wconf 75' lang='grc' dir='ltr'><strong>γυναικὸς</strong></span> <span class='ocrx_word' id='word_1_191' title='bbox 695 2465 806 2547; x_wconf 69' lang='lat' dir='ltr'><strong>orl-gnei</strong></span> <span class='ocrx_word' id='word_1_192' title='bbox 833 2464 968 2550; x_wconf 78' lang='grc' dir='ltr'><strong>πρέπειΙ</strong></span> 
     </span>
     <span class='ocr_line' id='line_1_22' title="bbox 220 2564 1381 2654; baseline -0.001 -25"><span class='ocrx_word' id='word_1_193' title='bbox 220 2568 326 2649; x_wconf 85' lang='lat' dir='ltr'><strong>Suppl.</strong></span> <span class='ocrx_word' id='word_1_194' title='bbox 350 2571 433 2629; x_wconf 93' lang='grc'><strong>1079</strong></span> <span class='ocrx_word' id='word_1_195' title='bbox 445 2590 498 2649; x_wconf 86' lang='lat' dir='ltr'><strong>sq.</strong></span> <span class='ocrx_word' id='word_1_196' title='bbox 516 2570 571 2631; x_wconf 85' lang='grc' dir='ltr'><strong>καὶ</strong></span> <span class='ocrx_word' id='word_1_197' title='bbox 592 2571 711 2654; x_wconf 79' lang='grc' dir='ltr'><strong><em>κράτος</em></strong></span> <span class='ocrx_word' id='word_1_198' title='bbox 731 2570 825 2652; x_wconf 83' lang='grc' dir='ltr'><strong>υέμοι</strong></span> <span class='ocrx_word' id='word_1_199' title='bbox 846 2564 1021 2651; x_wconf 72' lang='grc' dir='ltr'><strong>γυναι-ξίν·</strong></span> <span class='ocrx_word' id='word_1_200' title='bbox 1044 2567 1256 2651; x_wconf 37' lang='lat' dir='ltr'><strong>cessaturum</strong></span> <span class='ocrx_word' id='word_1_201' title='bbox 1278 2575 1381 2629; x_wconf 82' lang='grc' dir='ltr'><strong><em>κακοῦ</em></strong></span> 
     </span>
     <span class='ocr_line' id='line_1_23' title="bbox 222 2668 1396 2761; baseline 0.003 -29"><span class='ocrx_word' id='word_1_202' title='bbox 222 2676 279 2752; x_wconf 83' lang='lat' dir='ltr'><strong>Ag.</strong></span> <span class='ocrx_word' id='word_1_203' title='bbox 374 2676 436 2733; x_wconf 85' lang='lat'><strong>130</strong></span> <span class='ocrx_word' id='word_1_204' title='bbox 517 2674 603 2736; x_wconf 78' lang='grc' dir='ltr'><strong><em>οὕτω</em></strong></span> <span class='ocrx_word' id='word_1_205' title='bbox 627 2672 655 2735; x_wconf 80' lang='grc' dir='ltr'><strong>δ’</strong></span> <span class='ocrx_word' id='word_1_206' title='bbox 671 2668 741 2737; x_wconf 75' lang='lat' dir='ltr'><strong>elsae</strong></span> <span class='ocrx_word' id='word_1_207' title='bbox 761 2674 915 2757; x_wconf 76' lang='grc' dir='ltr'><strong>τιρᾴ-ζοιυ</strong></span> <span class='ocrx_word' id='word_1_208' title='bbox 952 2712 955 2717; x_wconf 92' lang='lat'>·</span> <span class='ocrx_word' id='word_1_209' title='bbox 1342 2716 1344 2721; x_wconf 92' lang='lat'>-</span> <span class='ocrx_word' id='word_1_210' title='bbox 1394 2754 1396 2761; x_wconf 40' lang='lat'><strong>,</strong></span> 
     </span>
     <span class='ocr_line' id='line_1_24' title="bbox 219 2775 1266 2862; baseline 0.001 -25"><span class='ocrx_word' id='word_1_211' title='bbox 219 2779 308 2838; x_wconf 81' lang='lat' dir='ltr'><strong>Eum.</strong></span> <span class='ocrx_word' id='word_1_212' title='bbox 372 2781 434 2840; x_wconf 77' lang='grc'><strong>397</strong></span> <span class='ocrx_word' id='word_1_213' title='bbox 455 2798 499 2858; x_wconf 90' lang='lat' dir='ltr'><strong>sq.</strong></span> <span class='ocrx_word' id='word_1_214' title='bbox 515 2786 638 2856; x_wconf 79' lang='grc' dir='ltr'><strong><em>πτῶκα,</em></strong></span> <span class='ocrx_word' id='word_1_215' title='bbox 660 2784 823 2862; x_wconf 67' lang='lat' dir='ltr'><strong>por-cogier</strong></span> <span class='ocrx_word' id='word_1_216' title='bbox 845 2775 998 2859; x_wconf 61' lang='lat' dir='ltr'><strong>&amp;praepos</strong></span> <span class='ocrx_word' id='word_1_217' title='bbox 1019 2778 1135 2861; x_wconf 82' lang='grc' dir='ltr'><strong>κύριον</strong></span> <span class='ocrx_word' id='word_1_218' title='bbox 1158 2777 1266 2857; x_wconf 79' lang='grc' dir='ltr'><strong><em>φόνου</em></strong></span> 
     </span>
     <span class='ocr_line' id='line_1_25' title="bbox 374 2876 952 2963; baseline 0.005 -21"><span class='ocrx_word' id='word_1_219' title='bbox 374 2885 436 2943; x_wconf 85' lang='grc'><strong>568</strong></span> <span class='ocrx_word' id='word_1_220' title='bbox 517 2883 605 2945; x_wconf 55' lang='lat' dir='ltr'><strong>olis?</strong></span> <span class='ocrx_word' id='word_1_221' title='bbox 629 2885 819 2961; x_wconf 75' lang='grc' dir='ltr'><strong><em>ἄκλαυστος,</em></strong></span> <span class='ocrx_word' id='word_1_222' title='bbox 842 2876 952 2963; x_wconf 67' lang='lat' dir='ltr'><strong>derce</strong></span> 
     </span>
     <span class='ocr_line' id='line_1_26' title="bbox 218 2982 1176 3070; baseline 0 -24"><span class='ocrx_word' id='word_1_223' title='bbox 218 2988 302 3049; x_wconf 88' lang='lat' dir='ltr'><strong>Pers.</strong></span> <span class='ocrx_word' id='word_1_224' title='bbox 355 2990 438 3047; x_wconf 95' lang='grc'><strong>1030</strong></span> <span class='ocrx_word' id='word_1_225' title='bbox 516 2986 678 3070; x_wconf 81' lang='grc' dir='ltr'><strong><em>τραπέντα</em></strong></span> <span class='ocrx_word' id='word_1_226' title='bbox 699 2988 923 3069; x_wconf 80' lang='grc' dir='ltr'><strong>υαύ-φραιιτου</strong></span> <span class='ocrx_word' id='word_1_227' title='bbox 945 2982 1028 3068; x_wconf 74' lang='grc' dir='ltr'><strong><em>ἐρεῖς</em></strong></span> <span class='ocrx_word' id='word_1_228' title='bbox 1051 2985 1176 3066; x_wconf 84' lang='grc' dir='ltr'><strong>ὅμι-λου</strong></span> 
     </span>
     <span class='ocr_line' id='line_1_27' title="bbox 220 3089 1188 3181; baseline -0.003 -27"><span class='ocrx_word' id='word_1_229' title='bbox 220 3093 303 3173; x_wconf 85' lang='lat' dir='ltr'><strong>Sept.</strong></span> <span class='ocrx_word' id='word_1_230' title='bbox 372 3096 432 3153; x_wconf 78' lang='lat'><strong>291</strong></span> <span class='ocrx_word' id='word_1_231' title='bbox 515 3101 613 3156; x_wconf 83' lang='grc' dir='ltr'><strong><em>ποῖου</em></strong></span> <span class='ocrx_word' id='word_1_232' title='bbox 635 3091 663 3154; x_wconf 79' lang='grc' dir='ltr'><strong>δ’</strong></span> <span class='ocrx_word' id='word_1_233' title='bbox 681 3090 870 3173; x_wconf 70' lang='lat' dir='ltr'><strong>‹ipsi-deciis</strong></span> <span class='ocrx_word' id='word_1_234' title='bbox 892 3090 998 3172; x_wconf 78' lang='grc' dir='ltr'><strong><em>γαί-ας</em></strong></span> <span class='ocrx_word' id='word_1_235' title='bbox 1019 3089 1121 3153; x_wconf 77' lang='grc' dir='ltr'><strong><em>πέδου</em></strong></span> <span class='ocrx_word' id='word_1_236' title='bbox 1156 3130 1188 3181; x_wconf 71' lang='lat'><strong>.&#39;</strong></span> 
     </span>
     <span class='ocr_line' id='line_1_28' title="bbox 221 3190 960 3281; baseline 0.001 -25"><span class='ocrx_word' id='word_1_237' title='bbox 221 3199 279 3277; x_wconf 80' lang='lat' dir='ltr'><strong>Ag.</strong></span> <span class='ocrx_word' id='word_1_238' title='bbox 374 3199 435 3256; x_wconf 78' lang='lat'><strong>728</strong></span> <span class='ocrx_word' id='word_1_239' title='bbox 516 3196 716 3281; x_wconf 70' lang='grc' dir='ltr'><strong>χρονισθεὶς</strong></span> <span class='ocrx_word' id='word_1_240' title='bbox 738 3190 960 3269; x_wconf 73' lang='grc' dir='ltr'><strong>δ’ἀπέὸει-ξευ</strong></span> 
     </span>
     <span class='ocr_line' id='line_1_29' title="bbox 223 3296 936 3383; baseline -0.003 -20"><span class='ocrx_word' id='word_1_241' title='bbox 223 3301 329 3383; x_wconf 86' lang='lat' dir='ltr'><strong>Suppl.</strong></span> <span class='ocrx_word' id='word_1_242' title='bbox 377 3303 438 3362; x_wconf 82' lang='lat'><strong>709</strong></span> <span class='ocrx_word' id='word_1_243' title='bbox 521 3298 642 3377; x_wconf 83' lang='grc' dir='ltr'><strong>ξένοισί</strong></span> <span class='ocrx_word' id='word_1_244' title='bbox 661 3302 688 3363; x_wconf 88' lang='grc' dir='ltr'><strong>τ’</strong></span> <span class='ocrx_word' id='word_1_245' title='bbox 705 3296 936 3382; x_wconf 62' lang='lat' dir='ltr'><strong>sul-{opsidione</strong></span> 
     </span>
     <span class='ocr_line' id='line_1_30' title="bbox 220 3403 999 3489; baseline 0.001 -24"><span class='ocrx_word' id='word_1_246' title='bbox 220 3407 279 3487; x_wconf 79' lang='lat' dir='ltr'><strong>Ag.</strong></span> <span class='ocrx_word' id='word_1_247' title='bbox 376 3408 437 3467; x_wconf 88' lang='grc'><strong>146</strong></span> <span class='ocrx_word' id='word_1_248' title='bbox 516 3407 645 3470; x_wconf 81' lang='grc' dir='ltr'><strong><em>τόσσων</em></strong></span> <span class='ocrx_word' id='word_1_249' title='bbox 661 3424 728 3489; x_wconf 78' lang='grc' dir='ltr'><strong>περ</strong></span> <span class='ocrx_word' id='word_1_250' title='bbox 751 3408 896 3488; x_wconf 70' lang='lat' dir='ltr'><strong>eri-ppos</strong></span> <span class='ocrx_word' id='word_1_251' title='bbox 916 3403 999 3467; x_wconf 81' lang='grc' dir='ltr'><strong><em>καλὰ</em></strong></span> 
     </span>
     <span class='ocr_line' id='line_1_31' title="bbox 374 3504 973 3587; baseline 0.002 -17"><span class='ocrx_word' id='word_1_252' title='bbox 374 3512 436 3571; x_wconf 79' lang='grc'><strong>739</strong></span> <span class='ocrx_word' id='word_1_253' title='bbox 518 3510 600 3573; x_wconf 64' lang='lat' dir='ltr'><strong>duri</strong></span> <span class='ocrx_word' id='word_1_254' title='bbox 624 3509 813 3587; x_wconf 80' lang='grc' dir='ltr'><strong><em>ἀκέλευστος</em></strong></span> <span class='ocrx_word' id='word_1_255' title='bbox 836 3504 973 3584; x_wconf 77' lang='grc' dir='ltr'><strong><em>ἔτευξεν</em></strong></span> 
     </span>
     <span class='ocr_line' id='line_1_32' title="bbox 223 3616 912 3698; baseline 0.006 -23"><span class='ocrx_word' id='word_1_256' title='bbox 223 3616 307 3676; x_wconf 86' lang='grc' dir='ltr'><strong>Ροιι.</strong></span> <span class='ocrx_word' id='word_1_257' title='bbox 377 3618 441 3677; x_wconf 77' lang='grc'><strong>990</strong></span> <span class='ocrx_word' id='word_1_258' title='bbox 520 3623 635 3697; x_wconf 61' lang='lat' dir='ltr'><strong>peped-</strong></span> <span class='ocrx_word' id='word_1_259' title='bbox 625 3617 729 3679; x_wconf 85' lang='grc' dir='ltr'><strong><em>σ-οαλ·</em></strong></span> <span class='ocrx_word' id='word_1_260' title='bbox 750 3636 802 3679; x_wconf 88' lang='grc' dir='ltr'><strong>τοι</strong></span> <span class='ocrx_word' id='word_1_261' title='bbox 823 3616 912 3698; x_wconf 83' lang='grc' dir='ltr'><strong><em>πάρα</em></strong></span> 
     </span>
     <span class='ocr_line' id='line_1_33' title="bbox 374 3715 1426 3802; baseline 0 -23"><span class='ocrx_word' id='word_1_262' title='bbox 374 3721 435 3779; x_wconf 81' lang='grc'><strong>657</strong></span> <span class='ocrx_word' id='word_1_263' title='bbox 458 3739 503 3798; x_wconf 92' lang='lat' dir='ltr'><strong>sq</strong></span> <span class='ocrx_word' id='word_1_264' title='bbox 519 3719 712 3802; x_wconf 79' lang='grc' dir='ltr'><strong>οεομησιωρ</strong></span> <span class='ocrx_word' id='word_1_265' title='bbox 735 3718 764 3781; x_wconf 81' lang='lat' dir='ltr'><strong>d’</strong></span> <span class='ocrx_word' id='word_1_266' title='bbox 780 3716 899 3800; x_wconf 77' lang='grc' dir='ltr'><strong>ἐκικλή·</strong></span> <span class='ocrx_word' id='word_1_267' title='bbox 901 3734 994 3781; x_wconf 75' lang='grc' dir='ltr'><strong><em>σκετο</em></strong></span> <span class='ocrx_word' id='word_1_268' title='bbox 1017 3717 1161 3800; x_wconf 77' lang='grc' dir='ltr'><strong>Πέρσαις</strong></span> <span class='ocrx_word' id='word_1_269' title='bbox 1181 3715 1426 3799; x_wconf 68' lang='grc' dir='ltr'><strong>θεομήστωριλ</strong></span> 
     </span>
    </p>
   </div>
   <div class='ocr_carea' id='block_1_5' title="bbox 132 3834 1487 4525">
    <p class='ocr_par' dir='ltr' id='par_1_6' title="bbox 132 3834 1487 4348">
     <span class='ocr_line' id='line_1_34' title="bbox 132 3834 1483 3906; baseline -0.01 -10"><span class='ocrx_word' id='word_1_270' title='bbox 132 3861 169 3896; x_wconf 93' lang='lat' dir='ltr'><strong>an</strong></span> <span class='ocrx_word' id='word_1_271' title='bbox 181 3845 386 3904; x_wconf 87' lang='lat' dir='ltr'><strong>consonantium</strong></span> <span class='ocrx_word' id='word_1_272' title='bbox 403 3840 432 3891; x_wconf 88' lang='lat' dir='ltr'><strong>vi</strong></span> <span class='ocrx_word' id='word_1_273' title='bbox 448 3838 614 3906; x_wconf 88' lang='lat' dir='ltr'><strong>ponderosas</strong></span> <span class='ocrx_word' id='word_1_274' title='bbox 629 3839 811 3893; x_wconf 85' lang='lat' dir='ltr'><strong>adsciscerent</strong></span> <span class='ocrx_word' id='word_1_275' title='bbox 829 3839 886 3888; x_wconf 84' lang='lat' dir='ltr'><strong>sive</strong></span> <span class='ocrx_word' id='word_1_276' title='bbox 903 3838 933 3886; x_wconf 89' lang='lat' dir='ltr'><strong>in</strong></span> <span class='ocrx_word' id='word_1_277' title='bbox 952 3838 1005 3887; x_wconf 88' lang='lat' dir='ltr'><strong>arsi</strong></span> <span class='ocrx_word' id='word_1_278' title='bbox 1024 3839 1081 3885; x_wconf 89' lang='lat' dir='ltr'><strong>sive</strong></span> <span class='ocrx_word' id='word_1_279' title='bbox 1100 3838 1128 3885; x_wconf 89' lang='lat' dir='ltr'><strong>in</strong></span> <span class='ocrx_word' id='word_1_280' title='bbox 1148 3834 1227 3900; x_wconf 85' lang='lat' dir='ltr'><strong>thesi,</strong></span> <span class='ocrx_word' id='word_1_281' title='bbox 1238 3834 1317 3885; x_wconf 90' lang='lat' dir='ltr'><strong>modo</strong></span> <span class='ocrx_word' id='word_1_282' title='bbox 1336 3852 1370 3885; x_wconf 89' lang='lat' dir='ltr'><strong>ne</strong></span> <span class='ocrx_word' id='word_1_283' title='bbox 1390 3839 1483 3885; x_wconf 85' lang='lat' dir='ltr'><strong>contra</strong></span> 
     </span>
     <span class='ocr_line' id='line_1_35' title="bbox 132 3918 1485 3999; baseline -0.011 -15"><span class='ocrx_word' id='word_1_284' title='bbox 132 3933 241 3999; x_wconf 87' lang='lat' dir='ltr'><strong>linguae</strong></span> <span class='ocrx_word' id='word_1_285' title='bbox 265 3932 438 3998; x_wconf 75' lang='lat' dir='ltr'><strong>germanicae</strong></span> <span class='ocrx_word' id='word_1_286' title='bbox 466 3931 606 3978; x_wconf 86' lang='lat' dir='ltr'><strong>accentum</strong></span> <span class='ocrx_word' id='word_1_287' title='bbox 624 3930 789 3991; x_wconf 85' lang='lat' dir='ltr'><strong>peccaretur,</strong></span> <span class='ocrx_word' id='word_1_288' title='bbox 812 3923 1024 3975; x_wconf 87' lang='lat' dir='ltr'><strong>luculentissimo</strong></span> <span class='ocrx_word' id='word_1_289' title='bbox 1044 3922 1114 3973; x_wconf 89' lang='lat' dir='ltr'><strong>mihi</strong></span> <span class='ocrx_word' id='word_1_290' title='bbox 1132 3922 1273 3974; x_wconf 84' lang='lat' dir='ltr'><strong>ostendere</strong></span> <span class='ocrx_word' id='word_1_291' title='bbox 1290 3935 1369 3987; x_wconf 90' lang='lat' dir='ltr'><strong>posse</strong></span> <span class='ocrx_word' id='word_1_292' title='bbox 1392 3918 1485 3970; x_wconf 87' lang='lat' dir='ltr'><strong>videor</strong></span> 
     </span>
     <span class='ocr_line' id='line_1_36' title="bbox 135 4005 1485 4085; baseline -0.01 -14"><span class='ocrx_word' id='word_1_293' title='bbox 135 4020 258 4085; x_wconf 88' lang='lat' dir='ltr'><strong>exemplo</strong></span> <span class='ocrx_word' id='word_1_294' title='bbox 270 4019 386 4081; x_wconf 83' lang='lat' dir='ltr'><strong>Gcethii,</strong></span> <span class='ocrx_word' id='word_1_295' title='bbox 398 4018 428 4067; x_wconf 92' lang='lat' dir='ltr'><strong>in</strong></span> <span class='ocrx_word' id='word_1_296' title='bbox 438 4018 514 4066; x_wconf 87' lang='lat' dir='ltr'><strong>cuius</strong></span> <span class='ocrx_word' id='word_1_297' title='bbox 525 4013 658 4065; x_wconf 84' lang='lat' dir='ltr'><strong>cilicinam</strong></span> <span class='ocrx_word' id='word_1_298' title='bbox 669 4014 746 4078; x_wconf 89' lang='lat' dir='ltr'><strong>quasi</strong></span> <span class='ocrx_word' id='word_1_299' title='bbox 757 4012 923 4079; x_wconf 86' lang='lat' dir='ltr'><strong>inspicimus,</strong></span> <span class='ocrx_word' id='word_1_300' title='bbox 934 4011 995 4061; x_wconf 90' lang='lat' dir='ltr'><strong>dum</strong></span> <span class='ocrx_word' id='word_1_301' title='bbox 1005 4026 1038 4061; x_wconf 88' lang='lat' dir='ltr'><strong>ea</strong></span> <span class='ocrx_word' id='word_1_302' title='bbox 1048 4010 1171 4076; x_wconf 89' lang='lat' dir='ltr'><strong>legimus,</strong></span> <span class='ocrx_word' id='word_1_303' title='bbox 1182 4024 1252 4077; x_wconf 90' lang='lat' dir='ltr'><strong>quae</strong></span> <span class='ocrx_word' id='word_1_304' title='bbox 1265 4009 1358 4059; x_wconf 86' lang='lat' dir='ltr'><strong>extant</strong></span> <span class='ocrx_word' id='word_1_305' title='bbox 1367 4009 1395 4059; x_wconf 89' lang='lat' dir='ltr'><strong>in</strong></span> <span class='ocrx_word' id='word_1_306' title='bbox 1415 4005 1485 4058; x_wconf 91' lang='lat' dir='ltr'><strong>libro</strong></span> 
     </span>
     <span class='ocr_line' id='line_1_37' title="bbox 135 4095 1486 4173; baseline -0.01 -15"><span class='ocrx_word' id='word_1_307' title='bbox 135 4107 330 4173; x_wconf 68' lang='lat' dir='ltr'><strong>,Eukermanm</strong></span> <span class='ocrx_word' id='word_1_308' title='bbox 349 4104 503 4171; x_wconf 69' lang='lat' dir='ltr'><strong>Gesprtche</strong></span> <span class='ocrx_word' id='word_1_309' title='bbox 521 4104 569 4153; x_wconf 86' lang='lat' dir='ltr'><strong>mit</strong></span> <span class='ocrx_word' id='word_1_310' title='bbox 588 4095 704 4153; x_wconf 75' lang='lat' dir='ltr'><strong>(loethe‘</strong></span> <span class='ocrx_word' id='word_1_311' title='bbox 721 4099 756 4162; x_wconf 85' lang='grc' dir='ltr'><strong>ΙΙ,</strong></span> <span class='ocrx_word' id='word_1_312' title='bbox 779 4116 804 4164; x_wconf 92' lang='lat' dir='ltr'><strong>p.</strong></span> <span class='ocrx_word' id='word_1_313' title='bbox 826 4100 875 4151; x_wconf 84' lang='lat'><strong>135</strong></span> <span class='ocrx_word' id='word_1_314' title='bbox 893 4096 1032 4164; x_wconf 81' lang='lat' dir='ltr'><strong>Diintner).</strong></span> <span class='ocrx_word' id='word_1_315' title='bbox 1060 4114 1175 4165; x_wconf 88' lang='lat' dir='ltr'><strong>quocum</strong></span> <span class='ocrx_word' id='word_1_316' title='bbox 1204 4095 1352 4163; x_wconf 85' lang='lat' dir='ltr'><strong>comparari</strong></span> <span class='ocrx_word' id='word_1_317' title='bbox 1374 4097 1486 4161; x_wconf 85' lang='lat' dir='ltr'><strong>possunt</strong></span> 
     </span>
     <span class='ocr_line' id='line_1_38' title="bbox 135 4182 1487 4263; baseline -0.011 -16"><span class='ocrx_word' id='word_1_318' title='bbox 135 4211 177 4260; x_wconf 88' lang='lat' dir='ltr'><strong>ea,</strong></span> <span class='ocrx_word' id='word_1_319' title='bbox 196 4210 266 4263; x_wconf 88' lang='lat' dir='ltr'><strong>quae</strong></span> <span class='ocrx_word' id='word_1_320' title='bbox 283 4195 323 4246; x_wconf 75' lang='lat' dir='ltr'><strong>ll.</strong></span> <span class='ocrx_word' id='word_1_321' title='bbox 334 4195 456 4258; x_wconf 82' lang='lat' dir='ltr'><strong>Bernays</strong></span> <span class='ocrx_word' id='word_1_322' title='bbox 473 4190 541 4241; x_wconf 90' lang='lat' dir='ltr'><strong>Beil.</strong></span> <span class='ocrx_word' id='word_1_323' title='bbox 560 4207 584 4241; x_wconf 81' lang='lat' dir='ltr'><strong>a.</strong></span> <span class='ocrx_word' id='word_1_324' title='bbox 596 4189 666 4253; x_wconf 76' lang='lat' dir='ltr'><strong>Allg.</strong></span> <span class='ocrx_word' id='word_1_325' title='bbox 681 4188 796 4253; x_wconf 82' lang='lat' dir='ltr'><strong>Zeitung</strong></span> <span class='ocrx_word' id='word_1_326' title='bbox 817 4189 892 4251; x_wconf 74' lang='lat'><strong>1885,</strong></span> <span class='ocrx_word' id='word_1_327' title='bbox 910 4204 936 4237; x_wconf 90' lang='grc' dir='ltr'><strong>ιι.</strong></span> <span class='ocrx_word' id='word_1_328' title='bbox 950 4188 1001 4238; x_wconf 75' lang='grc'><strong>279</strong></span> <span class='ocrx_word' id='word_1_329' title='bbox 1020 4202 1045 4252; x_wconf 91' lang='lat' dir='ltr'><strong>p.</strong></span> <span class='ocrx_word' id='word_1_330' title='bbox 1059 4188 1128 4237; x_wconf 81' lang='lat'>4010</span> <span class='ocrx_word' id='word_1_331' title='bbox 1147 4187 1276 4250; x_wconf 78' lang='lat' dir='ltr'><strong>exposuit</strong></span> <span class='ocrx_word' id='word_1_332' title='bbox 1295 4182 1329 4233; x_wconf 85' lang='lat' dir='ltr'><strong>cf.</strong></span> <span class='ocrx_word' id='word_1_333' title='bbox 1346 4187 1487 4250; x_wconf 85' lang='lat' dir='ltr'><strong>praeterea</strong></span> 
     </span>
     <span class='ocr_line' id='line_1_39' title="bbox 135 4270 1294 4348; baseline -0.012 -13"><span class='ocrx_word' id='word_1_334' title='bbox 135 4283 243 4335; x_wconf 81' lang='lat' dir='ltr'><strong>Brflclre</strong></span> <span class='ocrx_word' id='word_1_335' title='bbox 261 4299 288 4348; x_wconf 88' lang='lat' dir='ltr'><strong>p.</strong></span> <span class='ocrx_word' id='word_1_336' title='bbox 305 4284 349 4345; x_wconf 79' lang='lat'><strong>53,</strong></span> <span class='ocrx_word' id='word_1_337' title='bbox 367 4284 410 4346; x_wconf 78' lang='grc' dir='ltr'><strong>ὁὸ,</strong></span> <span class='ocrx_word' id='word_1_338' title='bbox 428 4277 524 4330; x_wconf 86' lang='lat' dir='ltr'><strong>Hartel</strong></span> <span class='ocrx_word' id='word_1_339' title='bbox 543 4277 622 4327; x_wconf 90' lang='grc' dir='ltr'><strong>Ηοιιι.</strong></span> <span class='ocrx_word' id='word_1_340' title='bbox 641 4272 730 4326; x_wconf 59' lang='lat' dir='ltr'><strong>stud?</strong></span> <span class='ocrx_word' id='word_1_341' title='bbox 746 4290 772 4341; x_wconf 88' lang='lat' dir='ltr'><strong>p.</strong></span> <span class='ocrx_word' id='word_1_342' title='bbox 791 4277 833 4338; x_wconf 88' lang='grc'><strong>99,</strong></span> <span class='ocrx_word' id='word_1_343' title='bbox 852 4274 992 4341; x_wconf 86' lang='lat' dir='ltr'><strong>Westphnl</strong></span> <span class='ocrx_word' id='word_1_344' title='bbox 1018 4270 1060 4324; x_wconf 87' lang='lat'><strong>11²</strong></span> <span class='ocrx_word' id='word_1_345' title='bbox 1075 4288 1102 4339; x_wconf 91' lang='lat' dir='ltr'><strong>p.</strong></span> <span class='ocrx_word' id='word_1_346' title='bbox 1123 4274 1154 4322; x_wconf 77' lang='lat'><strong>72</strong></span> <span class='ocrx_word' id='word_1_347' title='bbox 1173 4286 1231 4338; x_wconf 87' lang='lat' dir='ltr'><strong>sqq.</strong></span> <span class='ocrx_word' id='word_1_348' title='bbox 1280 4320 1294 4345; x_wconf 34' lang='grc' dir='ltr'><em>κ</em></span> 
     </span>
    </p>

    <p class='ocr_par' dir='ltr' id='par_1_7' title="bbox 133 4354 1487 4525">
     <span class='ocr_line' id='line_1_40' title="bbox 221 4354 1487 4437; baseline -0.011 -16"><span class='ocrx_word' id='word_1_349' title='bbox 221 4372 242 4437; x_wconf 90' lang='lat'><strong>¹)</strong></span> <span class='ocrx_word' id='word_1_350' title='bbox 260 4370 321 4421; x_wconf 88' lang='grc' dir='ltr'><strong>Ηοο</strong></span> <span class='ocrx_word' id='word_1_351' title='bbox 339 4371 429 4434; x_wconf 85' lang='lat' dir='ltr'><strong>signo·</strong></span> <span class='ocrx_word' id='word_1_352' title='bbox 446 4363 606 4417; x_wconf 80' lang='lat' dir='ltr'><strong>Gladitschii</strong></span> <span class='ocrx_word' id='word_1_353' title='bbox 623 4368 732 4413; x_wconf 83' lang='lat' dir='ltr'><strong>secutus</strong></span> <span class='ocrx_word' id='word_1_354' title='bbox 751 4361 901 4429; x_wconf 85' lang='lat' dir='ltr'><strong>exemplum</strong></span> <span class='ocrx_word' id='word_1_355' title='bbox 920 4361 1128 4431; x_wconf 83' lang='lat' dir='ltr'><strong>praecedentem</strong></span> <span class='ocrx_word' id='word_1_356' title='bbox 1141 4358 1274 4425; x_wconf 86' lang='lat' dir='ltr'><strong>syllabam</strong></span> <span class='ocrx_word' id='word_1_357' title='bbox 1286 4362 1351 4408; x_wconf 88' lang='lat' dir='ltr'><strong>tono</strong></span> <span class='ocrx_word' id='word_1_358' title='bbox 1363 4354 1487 4407; x_wconf 86' lang='lat' dir='ltr'><strong>adhibita</strong></span> 
     </span>
     <span class='ocr_line' id='line_1_41' title="bbox 133 4444 1485 4525; baseline -0.012 -14"><span class='ocrx_word' id='word_1_359' title='bbox 133 4462 163 4511; x_wconf 86' lang='lat' dir='ltr'><strong>in</strong></span> <span class='ocrx_word' id='word_1_360' title='bbox 174 4461 312 4511; x_wconf 81' lang='lat' dir='ltr'><strong>trisemam</strong></span> <span class='ocrx_word' id='word_1_361' title='bbox 325 4457 541 4525; x_wconf 79' lang='lat' dir='ltr'><strong>magnitudinem</strong></span> <span class='ocrx_word' id='word_1_362' title='bbox 555 4451 743 4521; x_wconf 74' lang='lat' dir='ltr'><strong>porrigendam</strong></span> <span class='ocrx_word' id='word_1_363' title='bbox 757 4456 804 4501; x_wconf 86' lang='lat' dir='ltr'><strong>aut</strong></span> <span class='ocrx_word' id='word_1_364' title='bbox 813 4451 841 4500; x_wconf 89' lang='lat' dir='ltr'><strong>in</strong></span> <span class='ocrx_word' id='word_1_365' title='bbox 853 4450 929 4501; x_wconf 87' lang='lat' dir='ltr'><strong>verbi</strong></span> <span class='ocrx_word' id='word_1_366' title='bbox 938 4449 992 4501; x_wconf 84' lang='lat' dir='ltr'><strong>fine</strong></span> <span class='ocrx_word' id='word_1_367' title='bbox 1003 4462 1094 4499; x_wconf 91' lang='lat' dir='ltr'><strong>morae</strong></span> <span class='ocrx_word' id='word_1_368' title='bbox 1102 4446 1182 4498; x_wconf 91' lang='lat' dir='ltr'><strong>unius</strong></span> <span class='ocrx_word' id='word_1_369' title='bbox 1191 4459 1303 4511; x_wconf 82' lang='lat' dir='ltr'><strong>pausam</strong></span> <span class='ocrx_word' id='word_1_370' title='bbox 1314 4444 1485 4496; x_wconf 86' lang='lat' dir='ltr'><strong>statuendam</strong></span> 
     </span>
    </p>
   </div>
   <div class='ocr_carea' id='block_1_6' title="bbox 134 4548 341 4600">
    <p class='ocr_par' dir='ltr' id='par_1_8' title="bbox 134 4548 341 4600">
     <span class='ocr_line' id='line_1_42' title="bbox 134 4548 341 4600; baseline -0.005 0"><span class='ocrx_word' id='word_1_371' title='bbox 134 4564 194 4600; x_wconf 87' lang='lat' dir='ltr'><strong>asse</strong></span> <span class='ocrx_word' id='word_1_372' title='bbox 212 4548 341 4599; x_wconf 84' lang='lat' dir='ltr'><strong>indicavi.</strong></span> 
     </span>
    </p>
   </div>
   <div class='ocr_carea' id='block_1_7' title="bbox 0 0 1658 5059">
    <p class='ocr_par' dir='ltr' id='par_1_9' title="bbox 0 0 1658 5059">
     <span class='ocr_line' id='line_1_43' title="bbox 0 0 1658 5059; baseline 0 0"><span class='ocrx_word' id='word_1_373' title='bbox 0 0 1658 5059; x_wconf 95' lang='lat' dir='ltr'><strong> </strong></span> 
     </span>
    </p>
   </div>
  </div>
 </body>
</html>
