<?xml version="1.0" encoding="UTF-8"?>
<!DOCTYPE html PUBLIC "-//W3C//DTD XHTML 1.0 Transitional//EN"
    "http://www.w3.org/TR/xhtml1/DTD/xhtml1-transitional.dtd">
<html xmlns="http://www.w3.org/1999/xhtml" xml:lang="en" lang="en">
 <head>
  <title>
</title>
<meta http-equiv="Content-Type" content="text/html;charset=utf-8" />
  <meta name='ocr-system' content='tesseract 3.04.00' />
  <meta name='ocr-capabilities' content='ocr_page ocr_carea ocr_par ocr_line ocrx_word'/>
</head>
<body>
  <div class='ocr_page' id='page_1' title='image "./dissertationesp07wiengoog_0152.png"; bbox 0 0 3300 5059; ppageno 0'>
   <div class='ocr_carea' id='block_1_1' title="bbox 1439 236 1500 294">
    <p class='ocr_par' dir='ltr' id='par_1_1' title="bbox 1439 236 1500 294">
     <span class='ocr_line' id='line_1_1' title="bbox 1439 236 1500 294; baseline -0.016 0"><span class='ocrx_word' id='word_1_1' title='bbox 1439 236 1500 294; x_wconf 79' lang='lat'><strong>139</strong></span> 
     </span>
    </p>
   </div>
   <div class='ocr_carea' id='block_1_2' title="bbox 149 416 1502 2705">
    <p class='ocr_par' dir='ltr' id='par_1_2' title="bbox 149 416 1502 2368">
     <span class='ocr_line' id='line_1_2' title="bbox 236 416 1501 503; baseline 0.009 -28"><span class='ocrx_word' id='word_1_2' title='bbox 236 416 303 477; x_wconf 88' lang='lat' dir='ltr'><strong>Iam</strong></span> <span class='ocrx_word' id='word_1_3' title='bbox 325 416 398 487; x_wconf 84' lang='lat' dir='ltr'><strong>illuc</strong></span> <span class='ocrx_word' id='word_1_4' title='bbox 421 418 625 496; x_wconf 70' lang='lat' dir='ltr'><strong>pervenimus,</strong></span> <span class='ocrx_word' id='word_1_5' title='bbox 653 419 716 487; x_wconf 91' lang='lat' dir='ltr'><strong>ut</strong></span> <span class='ocrx_word' id='word_1_6' title='bbox 709 438 739 477; x_wconf 86' lang='lat' dir='ltr'><strong>sn</strong></span> <span class='ocrx_word' id='word_1_7' title='bbox 762 417 906 478; x_wconf 77' lang='lat' dir='ltr'><strong>harenam</strong></span> <span class='ocrx_word' id='word_1_8' title='bbox 930 419 1129 497; x_wconf 81' lang='lat' dir='ltr'><strong>producamus</strong></span> <span class='ocrx_word' id='word_1_9' title='bbox 1151 423 1231 483; x_wconf 87' lang='lat' dir='ltr'><strong>viros</strong></span> <span class='ocrx_word' id='word_1_10' title='bbox 1255 425 1369 503; x_wconf 91' lang='lat' dir='ltr'><strong>optime</strong></span> <span class='ocrx_word' id='word_1_11' title='bbox 1392 424 1430 485; x_wconf 93' lang='lat' dir='ltr'><strong>de</strong></span> <span class='ocrx_word' id='word_1_12' title='bbox 1454 426 1501 487; x_wconf 93' lang='lat' dir='ltr'><strong>his</strong></span> 
     </span>
     <span class='ocr_line' id='line_1_3' title="bbox 149 478 1500 609; baseline 0.005 -26"><span class='ocrx_word' id='word_1_13' title='bbox 149 478 275 591; x_wconf 78' lang='lat' dir='ltr'><strong>studiis</strong></span> <span class='ocrx_word' id='word_1_14' title='bbox 283 523 406 581; x_wconf 88' lang='lat' dir='ltr'><strong>meritos</strong></span> <span class='ocrx_word' id='word_1_15' title='bbox 423 522 631 601; x_wconf 78' lang='lat' dir='ltr'><strong>Augustum</strong></span> <span class='ocrx_word' id='word_1_16' title='bbox 646 522 910 583; x_wconf 87' lang='lat' dir='ltr'><strong>Rossbachium</strong></span> <span class='ocrx_word' id='word_1_17' title='bbox 926 534 957 585; x_wconf 92' lang='lat' dir='ltr'><strong>et</strong></span> <span class='ocrx_word' id='word_1_18' title='bbox 971 525 1204 607; x_wconf 88' lang='lat' dir='ltr'><strong>Rudolphum</strong></span> <span class='ocrx_word' id='word_1_19' title='bbox 1225 514 1500 609; x_wconf 85' lang='lat' dir='ltr'><strong>Westphalium,</strong></span> 
     </span>
     <span class='ocr_line' id='line_1_4' title="bbox 151 624 1501 714; baseline 0.007 -29"><span class='ocrx_word' id='word_1_20' title='bbox 151 626 202 704; x_wconf 92' lang='lat' dir='ltr'><strong>qui</strong></span> <span class='ocrx_word' id='word_1_21' title='bbox 219 624 367 685; x_wconf 89' lang='lat' dir='ltr'><strong>Boeckhii</strong></span> <span class='ocrx_word' id='word_1_22' title='bbox 392 626 520 706; x_wconf 89' lang='lat' dir='ltr'><strong>quodam</strong></span> <span class='ocrx_word' id='word_1_23' title='bbox 538 626 625 688; x_wconf 90' lang='lat' dir='ltr'><strong>modo</strong></span> <span class='ocrx_word' id='word_1_24' title='bbox 648 629 777 705; x_wconf 89' lang='lat' dir='ltr'><strong>vestigia</strong></span> <span class='ocrx_word' id='word_1_25' title='bbox 799 629 895 687; x_wconf 88' lang='lat' dir='ltr'><strong>secuti</strong></span> <span class='ocrx_word' id='word_1_26' title='bbox 918 630 1091 691; x_wconf 90' lang='lat' dir='ltr'><strong>universam</strong></span> <span class='ocrx_word' id='word_1_27' title='bbox 1117 630 1284 693; x_wconf 81' lang='lat' dir='ltr'><strong>doctrinam</strong></span> <span class='ocrx_word' id='word_1_28' title='bbox 1299 634 1501 714; x_wconf 82' lang='lat' dir='ltr'><strong>rhythmicam</strong></span> 
     </span>
     <span class='ocr_line' id='line_1_5' title="bbox 151 728 1500 819; baseline 0.007 -30"><span class='ocrx_word' id='word_1_29' title='bbox 151 739 181 789; x_wconf 91' lang='lat' dir='ltr'><strong>et</strong></span> <span class='ocrx_word' id='word_1_30' title='bbox 200 732 354 790; x_wconf 83' lang='lat' dir='ltr'><strong>metricam</strong></span> <span class='ocrx_word' id='word_1_31' title='bbox 375 751 413 790; x_wconf 86' lang='lat' dir='ltr'><strong>ex</strong></span> <span class='ocrx_word' id='word_1_32' title='bbox 435 733 509 811; x_wconf 90' lang='lat' dir='ltr'><strong>ipsis</strong></span> <span class='ocrx_word' id='word_1_33' title='bbox 524 732 658 793; x_wconf 87' lang='lat' dir='ltr'><strong>fontibus</strong></span> <span class='ocrx_word' id='word_1_34' title='bbox 678 734 815 791; x_wconf 87' lang='lat' dir='ltr'><strong>haustam</strong></span> <span class='ocrx_word' id='word_1_35' title='bbox 825 728 850 817; x_wconf 85' lang='lat'><strong>¹)</strong></span> <span class='ocrx_word' id='word_1_36' title='bbox 867 733 1070 813; x_wconf 86' lang='lat' dir='ltr'><strong>explicarunt.</strong></span> <span class='ocrx_word' id='word_1_37' title='bbox 1088 756 1188 819; x_wconf 89' lang='lat' dir='ltr'><strong>neque</strong></span> <span class='ocrx_word' id='word_1_38' title='bbox 1203 740 1275 797; x_wconf 92' lang='lat' dir='ltr'><strong>satis</strong></span> <span class='ocrx_word' id='word_1_39' title='bbox 1291 738 1348 797; x_wconf 91' lang='lat' dir='ltr'><strong>sibi</strong></span> <span class='ocrx_word' id='word_1_40' title='bbox 1362 740 1500 799; x_wconf 85' lang='lat' dir='ltr'><strong>fecerunt</strong></span> 
     </span>
     <span class='ocr_line' id='line_1_6' title="bbox 153 836 1500 923; baseline 0.006 -28"><span class='ocrx_word' id='word_1_41' title='bbox 153 836 185 895; x_wconf 88' lang='lat' dir='ltr'><strong>in</strong></span> <span class='ocrx_word' id='word_1_42' title='bbox 209 855 256 910; x_wconf 92' lang='lat' dir='ltr'><strong>eo,</strong></span> <span class='ocrx_word' id='word_1_43' title='bbox 281 845 314 895; x_wconf 91' lang='lat' dir='ltr'><strong>ut</strong></span> <span class='ocrx_word' id='word_1_44' title='bbox 336 845 509 916; x_wconf 89' lang='lat' dir='ltr'><strong>praecepta,</strong></span> <span class='ocrx_word' id='word_1_45' title='bbox 533 857 612 917; x_wconf 91' lang='lat' dir='ltr'><strong>quae</strong></span> <span class='ocrx_word' id='word_1_46' title='bbox 634 836 799 897; x_wconf 85' lang='lat' dir='ltr'><strong>hodiernae</strong></span> <span class='ocrx_word' id='word_1_47' title='bbox 822 840 866 897; x_wconf 89' lang='lat' dir='ltr'><strong>rei</strong></span> <span class='ocrx_word' id='word_1_48' title='bbox 898 840 1043 899; x_wconf 89' lang='lat' dir='ltr'><strong>metricae</strong></span> <span class='ocrx_word' id='word_1_49' title='bbox 1065 840 1270 903; x_wconf 77' lang='lat' dir='ltr'><strong>fundamenta.</strong></span> <span class='ocrx_word' id='word_1_50' title='bbox 1283 851 1362 923; x_wconf 84' lang='lat' dir='ltr'><strong>sunt,</strong></span> <span class='ocrx_word' id='word_1_51' title='bbox 1394 844 1500 923; x_wconf 90' lang='lat' dir='ltr'><strong>primis</strong></span> 
     </span>
     <span class='ocr_line' id='line_1_7' title="bbox 151 939 1501 1025; baseline 0.006 -26"><span class='ocrx_word' id='word_1_52' title='bbox 151 948 269 1011; x_wconf 86' lang='lat' dir='ltr'><strong>tantum</strong></span> <span class='ocrx_word' id='word_1_53' title='bbox 292 939 411 1001; x_wconf 88' lang='lat' dir='ltr'><strong>lineolis</strong></span> <span class='ocrx_word' id='word_1_54' title='bbox 436 940 659 1017; x_wconf 84' lang='lat' dir='ltr'><strong>adumbrarem,</strong></span> <span class='ocrx_word' id='word_1_55' title='bbox 695 942 747 1003; x_wconf 90' lang='lat' dir='ltr'><strong>sed</strong></span> <span class='ocrx_word' id='word_1_56' title='bbox 783 942 924 1022; x_wconf 86' lang='lat' dir='ltr'><strong>quaeda</strong></span> <span class='ocrx_word' id='word_1_57' title='bbox 946 964 1022 1005; x_wconf 86' lang='lat' dir='ltr'><strong>vera</strong></span> <span class='ocrx_word' id='word_1_58' title='bbox 1043 944 1178 1025; x_wconf 87' lang='lat' dir='ltr'><strong>rhythmi</strong></span> <span class='ocrx_word' id='word_1_59' title='bbox 1209 948 1240 1006; x_wconf 88' lang='lat' dir='ltr'><strong>vi</strong></span> <span class='ocrx_word' id='word_1_60' title='bbox 1263 968 1298 1007; x_wconf 89' lang='lat' dir='ltr'><strong>ac</strong></span> <span class='ocrx_word' id='word_1_61' title='bbox 1319 956 1429 1007; x_wconf 91' lang='lat' dir='ltr'><strong>natura</strong></span> <span class='ocrx_word' id='word_1_62' title='bbox 1451 968 1501 1008; x_wconf 84' lang='lat' dir='ltr'><strong>ex·</strong></span> 
     </span>
     <span class='ocr_line' id='line_1_8' title="bbox 153 1046 1501 1132; baseline 0.006 -27"><span class='ocrx_word' id='word_1_63' title='bbox 153 1055 327 1126; x_wconf 79' lang='lat' dir='ltr'><strong>posuerant,</strong></span> <span class='ocrx_word' id='word_1_64' title='bbox 350 1046 389 1105; x_wconf 92' lang='lat' dir='ltr'><strong>ad</strong></span> <span class='ocrx_word' id='word_1_65' title='bbox 412 1048 478 1126; x_wconf 91' lang='lat' dir='ltr'><strong>ipsa</strong></span> <span class='ocrx_word' id='word_1_66' title='bbox 495 1050 629 1117; x_wconf 88' lang='lat' dir='ltr'><strong>carmina</strong></span> <span class='ocrx_word' id='word_1_67' title='bbox 644 1048 801 1109; x_wconf 87' lang='lat' dir='ltr'><strong>tractanda</strong></span> <span class='ocrx_word' id='word_1_68' title='bbox 816 1070 932 1115; x_wconf 88' lang='lat' dir='ltr'><strong>summo</strong></span> <span class='ocrx_word' id='word_1_69' title='bbox 948 1048 1152 1115; x_wconf 84' lang='lat' dir='ltr'><strong>adhibuerunt</strong></span> <span class='ocrx_word' id='word_1_70' title='bbox 1166 1054 1264 1111; x_wconf 81' lang='lat' dir='ltr'><strong>fructu</strong></span> <span class='ocrx_word' id='word_1_71' title='bbox 1280 1051 1501 1132; x_wconf 81' lang='lat' dir='ltr'><strong>schematisque</strong></span> 
     </span>
     <span class='ocr_line' id='line_1_9' title="bbox 152 1150 1501 1235; baseline 0.004 -24"><span class='ocrx_word' id='word_1_72' title='bbox 152 1152 285 1211; x_wconf 75' lang='lat' dir='ltr'><strong>metricis</strong></span> <span class='ocrx_word' id='word_1_73' title='bbox 319 1150 479 1232; x_wconf 87' lang='lat' dir='ltr'><strong>adscriptis</strong></span> <span class='ocrx_word' id='word_1_74' title='bbox 511 1151 754 1214; x_wconf 88' lang='lat' dir='ltr'><strong>demonstrarunt</strong></span> <span class='ocrx_word' id='word_1_75' title='bbox 785 1154 864 1213; x_wconf 89' lang='lat' dir='ltr'><strong>nibil</strong></span> <span class='ocrx_word' id='word_1_76' title='bbox 902 1174 965 1228; x_wconf 89' lang='lat' dir='ltr'><strong>nos,</strong></span> <span class='ocrx_word' id='word_1_77' title='bbox 1005 1157 1164 1235; x_wconf 89' lang='lat' dir='ltr'><strong>quominus</strong></span> <span class='ocrx_word' id='word_1_78' title='bbox 1202 1158 1293 1218; x_wconf 90' lang='lat' dir='ltr'><strong>etiam</strong></span> <span class='ocrx_word' id='word_1_79' title='bbox 1331 1156 1501 1217; x_wconf 86' lang='lat' dir='ltr'><strong>difficiliora</strong></span> 
     </span>
     <span class='ocr_line' id='line_1_10' title="bbox 152 1238 1500 1341; baseline 0.004 -27"><span class='ocrx_word' id='word_1_80' title='bbox 152 1254 338 1315; x_wconf 82' lang='lat' dir='ltr'><strong>Graecorum</strong></span> <span class='ocrx_word' id='word_1_81' title='bbox 362 1238 480 1317; x_wconf 90' lang='lat' dir='ltr'><strong>cantica</strong></span> <span class='ocrx_word' id='word_1_82' title='bbox 503 1257 541 1318; x_wconf 91' lang='lat' dir='ltr'><strong>ad</strong></span> <span class='ocrx_word' id='word_1_83' title='bbox 565 1258 813 1337; x_wconf 84' lang='lat' dir='ltr'><strong>aequabilitatem</strong></span> <span class='ocrx_word' id='word_1_84' title='bbox 845 1278 1064 1334; x_wconf 88' lang='lat' dir='ltr'><strong>revocaremus,</strong></span> <span class='ocrx_word' id='word_1_85' title='bbox 1100 1261 1257 1341; x_wconf 84' lang='lat' dir='ltr'><strong>impedire.</strong></span> <span class='ocrx_word' id='word_1_86' title='bbox 1290 1263 1351 1321; x_wconf 91' lang='lat' dir='ltr'><strong>iam</strong></span> <span class='ocrx_word' id='word_1_87' title='bbox 1380 1261 1500 1321; x_wconf 89' lang='lat' dir='ltr'><strong>demum</strong></span> 
     </span>
     <span class='ocr_line' id='line_1_11' title="bbox 151 1364 1500 1444; baseline 0.003 -23"><span class='ocrx_word' id='word_1_88' title='bbox 151 1381 224 1433; x_wconf 84' lang='lat' dir='ltr'><strong>vera</strong></span> <span class='ocrx_word' id='word_1_89' title='bbox 248 1382 389 1423; x_wconf 90' lang='lat' dir='ltr'><strong>versuum</strong></span> <span class='ocrx_word' id='word_1_90' title='bbox 412 1364 609 1443; x_wconf 84' lang='lat' dir='ltr'><strong>plurimorum</strong></span> <span class='ocrx_word' id='word_1_91' title='bbox 631 1366 718 1439; x_wconf 91' lang='lat' dir='ltr'><strong>ratio,</strong></span> <span class='ocrx_word' id='word_1_92' title='bbox 753 1385 882 1444; x_wconf 89' lang='lat' dir='ltr'><strong>quorum</strong></span> <span class='ocrx_word' id='word_1_93' title='bbox 913 1365 1043 1428; x_wconf 85' lang='lat' dir='ltr'><strong>antehac</strong></span> <span class='ocrx_word' id='word_1_94' title='bbox 1074 1364 1231 1426; x_wconf 89' lang='lat' dir='ltr'><strong>obscurata</strong></span> <span class='ocrx_word' id='word_1_95' title='bbox 1265 1374 1330 1427; x_wconf 85' lang='lat' dir='ltr'><strong>erat</strong></span> <span class='ocrx_word' id='word_1_96' title='bbox 1351 1374 1500 1425; x_wconf 85' lang='lat' dir='ltr'><strong>structura</strong></span> 
     </span>
     <span class='ocr_line' id='line_1_12' title="bbox 154 1467 1502 1552; baseline 0.003 -25"><span class='ocrx_word' id='word_1_97' title='bbox 154 1467 328 1541; x_wconf 81' lang='lat' dir='ltr'><strong>artificiosa,</strong></span> <span class='ocrx_word' id='word_1_98' title='bbox 359 1467 549 1548; x_wconf 88' lang='lat' dir='ltr'><strong>aperiebatur</strong></span> <span class='ocrx_word' id='word_1_99' title='bbox 581 1478 776 1550; x_wconf 86' lang='lat' dir='ltr'><strong>monstraque</strong></span> <span class='ocrx_word' id='word_1_100' title='bbox 810 1470 865 1530; x_wconf 92' lang='lat' dir='ltr'><strong>illa</strong></span> <span class='ocrx_word' id='word_1_101' title='bbox 901 1470 1050 1531; x_wconf 86' lang='lat' dir='ltr'><strong>horrenda</strong></span> <span class='ocrx_word' id='word_1_102' title='bbox 1084 1472 1295 1552; x_wconf 82' lang='lat' dir='ltr'><strong>informisque,</strong></span> <span class='ocrx_word' id='word_1_103' title='bbox 1327 1470 1437 1550; x_wconf 88' lang='lat' dir='ltr'><strong>quibus</strong></span> <span class='ocrx_word' id='word_1_104' title='bbox 1469 1491 1502 1531; x_wconf 87' lang='grc'><strong>15</strong></span> 
     </span>
     <span class='ocr_line' id='line_1_13' title="bbox 151 1573 1498 1656; baseline 0.002 -25"><span class='ocrx_word' id='word_1_105' title='bbox 151 1592 226 1633; x_wconf 87' lang='lat' dir='ltr'><strong>vera</strong></span> <span class='ocrx_word' id='word_1_106' title='bbox 258 1592 347 1644; x_wconf 87' lang='lat' dir='ltr'><strong>omne</strong></span> <span class='ocrx_word' id='word_1_107' title='bbox 380 1574 452 1633; x_wconf 90' lang='lat' dir='ltr'><strong>artis</strong></span> <span class='ocrx_word' id='word_1_108' title='bbox 485 1573 675 1655; x_wconf 85' lang='lat' dir='ltr'><strong>rhythmicae</strong></span> <span class='ocrx_word' id='word_1_109' title='bbox 706 1576 807 1635; x_wconf 91' lang='lat' dir='ltr'><strong>lumen</strong></span> <span class='ocrx_word' id='word_1_110' title='bbox 841 1584 907 1635; x_wconf 92' lang='lat' dir='ltr'><strong>erat</strong></span> <span class='ocrx_word' id='word_1_111' title='bbox 938 1575 1123 1656; x_wconf 91' lang='lat' dir='ltr'><strong>ademptum,</strong></span> <span class='ocrx_word' id='word_1_112' title='bbox 1156 1575 1211 1635; x_wconf 91' lang='lat' dir='ltr'><strong>sub</strong></span> <span class='ocrx_word' id='word_1_113' title='bbox 1240 1575 1334 1635; x_wconf 87' lang='lat' dir='ltr'><strong>doctis</strong></span> <span class='ocrx_word' id='word_1_114' title='bbox 1357 1595 1498 1634; x_wconf 91' lang='lat' dir='ltr'><strong>versuum</strong></span> 
     </span>
     <span class='ocr_line' id='line_1_14' title="bbox 155 1676 1496 1758; baseline 0.002 -23"><span class='ocrx_word' id='word_1_115' title='bbox 155 1676 429 1755; x_wconf 87' lang='lat' dir='ltr'><strong>antispasticorum,</strong></span> <span class='ocrx_word' id='word_1_116' title='bbox 453 1678 782 1751; x_wconf 84' lang='lat' dir='ltr'><strong>iambico—ereticorum,</strong></span> <span class='ocrx_word' id='word_1_117' title='bbox 807 1680 1178 1751; x_wconf 79' lang='lat' dir='ltr'><strong>iambico-trochaicomm,</strong></span> <span class='ocrx_word' id='word_1_118' title='bbox 1196 1679 1496 1758; x_wconf 84' lang='lat' dir='ltr'><strong>iscbiorrhogicorum</strong></span> 
     </span>
     <span class='ocr_line' id='line_1_15' title="bbox 151 1780 1502 1864; baseline 0 -23"><span class='ocrx_word' id='word_1_119' title='bbox 151 1780 325 1859; x_wconf 86' lang='lat' dir='ltr'><strong>nominibus</strong></span> <span class='ocrx_word' id='word_1_120' title='bbox 358 1781 495 1843; x_wconf 92' lang='lat' dir='ltr'><strong>credulos</strong></span> <span class='ocrx_word' id='word_1_121' title='bbox 527 1784 681 1863; x_wconf 84' lang='lat' dir='ltr'><strong>captantia</strong></span> <span class='ocrx_word' id='word_1_122' title='bbox 714 1786 806 1864; x_wconf 87' lang='lat' dir='ltr'><strong>inque</strong></span> <span class='ocrx_word' id='word_1_123' title='bbox 829 1783 1036 1864; x_wconf 87' lang='lat' dir='ltr'><strong>labyrinthum</strong></span> <span class='ocrx_word' id='word_1_124' title='bbox 1068 1783 1219 1857; x_wconf 89' lang='lat' dir='ltr'><strong>ducentia,</strong></span> <span class='ocrx_word' id='word_1_125' title='bbox 1252 1784 1283 1842; x_wconf 91' lang='lat' dir='ltr'><strong>in</strong></span> <span class='ocrx_word' id='word_1_126' title='bbox 1308 1803 1367 1862; x_wconf 89' lang='lat' dir='ltr'><strong>quo</strong></span> <span class='ocrx_word' id='word_1_127' title='bbox 1390 1784 1502 1843; x_wconf 83' lang='lat' dir='ltr'><strong>frustra</strong></span> 
     </span>
     <span class='ocr_line' id='line_1_16' title="bbox 153 1884 1500 1971; baseline 0.001 -27"><span class='ocrx_word' id='word_1_128' title='bbox 153 1884 310 1961; x_wconf 88' lang='lat' dir='ltr'><strong>Ariadnae</strong></span> <span class='ocrx_word' id='word_1_129' title='bbox 320 1906 447 1965; x_wconf 89' lang='lat' dir='ltr'><strong>quaeras</strong></span> <span class='ocrx_word' id='word_1_130' title='bbox 456 1886 539 1947; x_wconf 87' lang='lat' dir='ltr'><strong>filum</strong></span> <span class='ocrx_word' id='word_1_131' title='bbox 543 1889 689 1967; x_wconf 86' lang='lat' dir='ltr'><strong>,explosa</strong></span> <span class='ocrx_word' id='word_1_132' title='bbox 699 1897 768 1948; x_wconf 88' lang='lat' dir='ltr'><strong>sunt</strong></span> <span class='ocrx_word' id='word_1_133' title='bbox 777 1890 825 1949; x_wconf 90' lang='lat' dir='ltr'><strong>et</strong></span> <span class='ocrx_word' id='word_1_134' title='bbox 816 1910 849 1948; x_wconf 82' lang='grc' dir='ltr'><strong>ιιι</strong></span> <span class='ocrx_word' id='word_1_135' title='bbox 865 1888 990 1948; x_wconf 86' lang='lat' dir='ltr'><strong>exilium</strong></span> <span class='ocrx_word' id='word_1_136' title='bbox 1005 1886 1141 1971; x_wconf 77' lang='lat' dir='ltr'><strong>missa2).</strong></span> <span class='ocrx_word' id='word_1_137' title='bbox 1157 1887 1245 1947; x_wconf 92' lang='lat' dir='ltr'><strong>simul</strong></span> <span class='ocrx_word' id='word_1_138' title='bbox 1256 1888 1289 1947; x_wconf 91' lang='lat' dir='ltr'><strong>hi</strong></span> <span class='ocrx_word' id='word_1_139' title='bbox 1305 1887 1500 1966; x_wconf 89' lang='lat' dir='ltr'><strong>comprobare</strong></span> 
     </span>
     <span class='ocr_line' id='line_1_17' title="bbox 153 1989 1500 2072; baseline 0.001 -24"><span class='ocrx_word' id='word_1_140' title='bbox 153 1989 333 2051; x_wconf 84' lang='lat' dir='ltr'><strong>studuerunt</strong></span> <span class='ocrx_word' id='word_1_141' title='bbox 357 2012 418 2050; x_wconf 92' lang='lat' dir='ltr'><strong>non</strong></span> <span class='ocrx_word' id='word_1_142' title='bbox 440 1991 528 2051; x_wconf 91' lang='lat' dir='ltr'><strong>modo</strong></span> <span class='ocrx_word' id='word_1_143' title='bbox 552 2014 613 2053; x_wconf 91' lang='lat' dir='ltr'><strong>non</strong></span> <span class='ocrx_word' id='word_1_144' title='bbox 643 2014 697 2072; x_wconf 92' lang='lat' dir='ltr'><strong>per</strong></span> <span class='ocrx_word' id='word_1_145' title='bbox 727 2014 759 2053; x_wconf 87' lang='lat' dir='ltr'><strong>se</strong></span> <span class='ocrx_word' id='word_1_146' title='bbox 785 1994 894 2055; x_wconf 89' lang='lat' dir='ltr'><strong>cantici</strong></span> <span class='ocrx_word' id='word_1_147' title='bbox 919 1993 1080 2053; x_wconf 91' lang='lat' dir='ltr'><strong>cuiuslibet</strong></span> <span class='ocrx_word' id='word_1_148' title='bbox 1105 2012 1209 2054; x_wconf 88' lang='lat' dir='ltr'><strong>versus</strong></span> <span class='ocrx_word' id='word_1_149' title='bbox 1237 1994 1283 2052; x_wconf 90' lang='lat' dir='ltr'><strong>rei</strong></span> <span class='ocrx_word' id='word_1_150' title='bbox 1308 1992 1500 2072; x_wconf 85' lang='lat' dir='ltr'><strong>rhythmicae</strong></span> 
     </span>
     <span class='ocr_line' id='line_1_18' title="bbox 151 2094 1500 2179; baseline 0.003 -27"><span class='ocrx_word' id='word_1_151' title='bbox 151 2094 270 2175; x_wconf 82' lang='lat' dir='ltr'><strong>legibus</strong></span> <span class='ocrx_word' id='word_1_152' title='bbox 293 2115 353 2154; x_wconf 91' lang='lat' dir='ltr'><strong>nou</strong></span> <span class='ocrx_word' id='word_1_153' title='bbox 376 2115 547 2176; x_wconf 86' lang='lat' dir='ltr'><strong>repugnare</strong></span> <span class='ocrx_word' id='word_1_154' title='bbox 577 2096 696 2173; x_wconf 89' lang='lat' dir='ltr'><strong>debere,</strong></span> <span class='ocrx_word' id='word_1_155' title='bbox 727 2098 779 2159; x_wconf 89' lang='lat' dir='ltr'><strong>sed</strong></span> <span class='ocrx_word' id='word_1_156' title='bbox 802 2098 922 2179; x_wconf 83' lang='lat' dir='ltr'><strong>singula</strong></span> <span class='ocrx_word' id='word_1_157' title='bbox 944 2098 1086 2178; x_wconf 89' lang='lat' dir='ltr'><strong>strophae</strong></span> <span class='ocrx_word' id='word_1_158' title='bbox 1110 2098 1344 2177; x_wconf 88' lang='lat' dir='ltr'><strong>uniuscuiusque</strong></span> <span class='ocrx_word' id='word_1_159' title='bbox 1366 2097 1500 2157; x_wconf 87' lang='lat' dir='ltr'><strong>membra</strong></span> 
     </span>
     <span class='ocr_line' id='line_1_19' title="bbox 155 2199 1501 2283; baseline 0.002 -25"><span class='ocrx_word' id='word_1_160' title='bbox 155 2199 375 2281; x_wconf 88' lang='lat' dir='ltr'><strong>,eurythmiae’</strong></span> <span class='ocrx_word' id='word_1_161' title='bbox 402 2202 525 2262; x_wconf 85' lang='lat' dir='ltr'><strong>vinculo</strong></span> <span class='ocrx_word' id='word_1_162' title='bbox 549 2204 627 2261; x_wconf 88' lang='lat' dir='ltr'><strong>inter</strong></span> <span class='ocrx_word' id='word_1_163' title='bbox 649 2223 680 2263; x_wconf 92' lang='lat' dir='ltr'><strong>se</strong></span> <span class='ocrx_word' id='word_1_164' title='bbox 704 2211 808 2263; x_wconf 91' lang='lat' dir='ltr'><strong>conect</strong></span> <span class='ocrx_word' id='word_1_165' title='bbox 810 2205 830 2277; x_wconf 92' lang='lat' dir='ltr'><strong>i,</strong></span> <span class='ocrx_word' id='word_1_166' title='bbox 796 2203 894 2263; x_wconf 93' lang='lat' dir='ltr'><strong>tid</strong></span> <span class='ocrx_word' id='word_1_167' title='bbox 918 2202 999 2283; x_wconf 89' lang='lat' dir='ltr'><strong>quod</strong></span> <span class='ocrx_word' id='word_1_168' title='bbox 1022 2203 1153 2262; x_wconf 90' lang='lat' dir='ltr'><strong>numeris</strong></span> <span class='ocrx_word' id='word_1_169' title='bbox 1176 2203 1249 2262; x_wconf 89' lang='lat' dir='ltr'><strong>artis</strong></span> <span class='ocrx_word' id='word_1_170' title='bbox 1272 2202 1501 2262; x_wconf 88' lang='lat' dir='ltr'><strong>mathematicae</strong></span> 
     </span>
     <span class='ocr_line' id='line_1_20' title="bbox 154 2305 758 2368; baseline 0.003 -3"><span class='ocrx_word' id='word_1_171' title='bbox 154 2305 260 2367; x_wconf 90' lang='lat' dir='ltr'><strong>accitis</strong></span> <span class='ocrx_word' id='word_1_172' title='bbox 283 2307 416 2366; x_wconf 91' lang='lat' dir='ltr'><strong>omnium</strong></span> <span class='ocrx_word' id='word_1_173' title='bbox 439 2308 534 2367; x_wconf 90' lang='lat' dir='ltr'><strong>oculis</strong></span> <span class='ocrx_word' id='word_1_174' title='bbox 557 2307 758 2368; x_wconf 88' lang='lat' dir='ltr'><strong>subiecerunt.</strong></span> 
     </span>
    </p>

    <p class='ocr_par' dir='ltr' id='par_1_3' title="bbox 154 2408 1502 2705">
     <span class='ocr_line' id='line_1_21' title="bbox 189 2408 1498 2493; baseline 0.002 -25"><span class='ocrx_word' id='word_1_175' title='bbox 189 2442 191 2445; x_wconf 95' lang='lat'>·</span> <span class='ocrx_word' id='word_1_176' title='bbox 244 2408 343 2484; x_wconf 79' lang='lat' dir='ltr'><strong>Quam</strong></span> <span class='ocrx_word' id='word_1_177' title='bbox 366 2432 501 2471; x_wconf 87' lang='lat' dir='ltr'><strong>normam</strong></span> <span class='ocrx_word' id='word_1_178' title='bbox 534 2433 594 2472; x_wconf 90' lang='lat' dir='ltr'><strong>non</strong></span> <span class='ocrx_word' id='word_1_179' title='bbox 628 2432 666 2473; x_wconf 88' lang='lat' dir='ltr'><strong>ex</strong></span> <span class='ocrx_word' id='word_1_180' title='bbox 699 2414 804 2472; x_wconf 89' lang='lat' dir='ltr'><strong>intima</strong></span> <span class='ocrx_word' id='word_1_181' title='bbox 837 2421 994 2493; x_wconf 89' lang='lat' dir='ltr'><strong>poetarum</strong></span> <span class='ocrx_word' id='word_1_182' title='bbox 1028 2422 1091 2472; x_wconf 89' lang='lat' dir='ltr'><strong>arte</strong></span> <span class='ocrx_word' id='word_1_183' title='bbox 1115 2413 1294 2492; x_wconf 90' lang='lat' dir='ltr'><strong>plerumque</strong></span> <span class='ocrx_word' id='word_1_184' title='bbox 1317 2411 1498 2485; x_wconf 90' lang='lat' dir='ltr'><strong>conclusam,</strong></span> 
     </span>
     <span class='ocr_line' id='line_1_22' title="bbox 157 2496 1499 2597; baseline 0.001 -22"><span class='ocrx_word' id='word_1_185' title='bbox 157 2514 211 2575; x_wconf 91' lang='lat' dir='ltr'><strong>sed</strong></span> <span class='ocrx_word' id='word_1_186' title='bbox 236 2517 422 2591; x_wconf 71' lang='lat' dir='ltr'><strong>extrinsecus</strong></span> <span class='ocrx_word' id='word_1_187' title='bbox 446 2518 476 2575; x_wconf 93' lang='lat' dir='ltr'><strong>in</strong></span> <span class='ocrx_word' id='word_1_188' title='bbox 500 2537 566 2578; x_wconf 91' lang='lat' dir='ltr'><strong>eam</strong></span> <span class='ocrx_word' id='word_1_189' title='bbox 590 2517 721 2585; x_wconf 89' lang='lat' dir='ltr'><strong>adlatam</strong></span> <span class='ocrx_word' id='word_1_190' title='bbox 746 2496 865 2578; x_wconf 88' lang='lat' dir='ltr'><strong>tametsi</strong></span> <span class='ocrx_word' id='word_1_191' title='bbox 879 2518 1041 2597; x_wconf 88' lang='lat' dir='ltr'><strong>Westphal</strong></span> <span class='ocrx_word' id='word_1_192' title='bbox 1063 2518 1189 2597; x_wconf 90' lang='lat' dir='ltr'><strong>posthac</strong></span> <span class='ocrx_word' id='word_1_193' title='bbox 1204 2517 1360 2577; x_wconf 88' lang='lat' dir='ltr'><strong>artissimis</strong></span> <span class='ocrx_word' id='word_1_194' title='bbox 1376 2517 1499 2575; x_wconf 88' lang='lat' dir='ltr'><strong>circum·</strong></span> 
     </span>
     <span class='ocr_line' id='line_1_23' title="bbox 154 2619 1502 2705; baseline -0.001 -26"><span class='ocrx_word' id='word_1_195' title='bbox 154 2620 274 2699; x_wconf 88' lang='lat' dir='ltr'><strong>scripsit</strong></span> <span class='ocrx_word' id='word_1_196' title='bbox 290 2622 430 2681; x_wconf 90' lang='lat' dir='ltr'><strong>cancellis</strong></span> <span class='ocrx_word' id='word_1_197' title='bbox 438 2619 475 2705; x_wconf 81' lang='lat'><strong>³),</strong></span> <span class='ocrx_word' id='word_1_198' title='bbox 494 2624 552 2681; x_wconf 94' lang='lat' dir='ltr'><strong>nisi</strong></span> <span class='ocrx_word' id='word_1_199' title='bbox 569 2622 624 2681; x_wconf 91' lang='lat' dir='ltr'><strong>bac</strong></span> <span class='ocrx_word' id='word_1_200' title='bbox 640 2623 708 2701; x_wconf 83' lang='lat' dir='ltr'><strong>lege</strong></span> <span class='ocrx_word' id='word_1_201' title='bbox 724 2622 860 2682; x_wconf 90' lang='lat' dir='ltr'><strong>adhibita</strong></span> <span class='ocrx_word' id='word_1_202' title='bbox 876 2631 1011 2681; x_wconf 88' lang='lat' dir='ltr'><strong>veterum</strong></span> <span class='ocrx_word' id='word_1_203' title='bbox 1028 2623 1145 2682; x_wconf 90' lang='lat' dir='ltr'><strong>cantica</strong></span> <span class='ocrx_word' id='word_1_204' title='bbox 1160 2623 1190 2679; x_wconf 92' lang='lat' dir='ltr'><strong>in</strong></span> <span class='ocrx_word' id='word_1_205' title='bbox 1207 2623 1363 2701; x_wconf 89' lang='lat' dir='ltr'><strong>antiquum</strong></span> <span class='ocrx_word' id='word_1_206' title='bbox 1375 2622 1502 2679; x_wconf 91' lang='lat' dir='ltr'><strong>nitorem</strong></span> 
     </span>
    </p>
   </div>
   <div class='ocr_carea' id='block_1_3' title="bbox 151 2846 1507 4573">
    <p class='ocr_par' dir='ltr' id='par_1_4' title="bbox 244 2846 1061 2915">
     <span class='ocr_line' id='line_1_24' title="bbox 244 2846 1061 2915; baseline 0.001 -19"><span class='ocrx_word' id='word_1_207' title='bbox 244 2847 263 2914; x_wconf 89' lang='lat'><strong>¹)</strong></span> <span class='ocrx_word' id='word_1_208' title='bbox 283 2848 392 2913; x_wconf 88' lang='lat' dir='ltr'><strong>Lipsiae</strong></span> <span class='ocrx_word' id='word_1_209' title='bbox 412 2848 563 2915; x_wconf 74' lang='lat'>1854-653</span> <span class='ocrx_word' id='word_1_210' title='bbox 582 2849 622 2898; x_wconf 92' lang='grc'><strong>56.</strong></span> <span class='ocrx_word' id='word_1_211' title='bbox 641 2849 677 2899; x_wconf 89' lang='lat' dir='ltr'><strong>Il.</strong></span> <span class='ocrx_word' id='word_1_212' title='bbox 698 2847 868 2915; x_wconf 72' lang='lat' dir='ltr'><strong>1867f83ed.</strong></span> <span class='ocrx_word' id='word_1_213' title='bbox 888 2848 936 2898; x_wconf 87' lang='lat'><strong>111.</strong></span> <span class='ocrx_word' id='word_1_214' title='bbox 956 2846 1061 2913; x_wconf 74' lang='lat' dir='ltr'><strong>lescle.</strong></span> 
     </span>
    </p>

    <p class='ocr_par' dir='ltr' id='par_1_5' title="bbox 151 2932 1505 4400">
     <span class='ocr_line' id='line_1_25' title="bbox 244 2932 1503 3008; baseline -0.001 -24"><span class='ocrx_word' id='word_1_215' title='bbox 244 2932 267 3004; x_wconf 89' lang='lat'><strong>¹)</strong></span> <span class='ocrx_word' id='word_1_216' title='bbox 285 2934 447 2985; x_wconf 89' lang='lat' dir='ltr'><strong>Rossbachii</strong></span> <span class='ocrx_word' id='word_1_217' title='bbox 464 2934 677 3001; x_wconf 88' lang='lat' dir='ltr'><strong>Westpbaliique</strong></span> <span class='ocrx_word' id='word_1_218' title='bbox 705 2941 849 3001; x_wconf 84' lang='lat' dir='ltr'><strong>praecepta</strong></span> <span class='ocrx_word' id='word_1_219' title='bbox 877 2934 1016 3008; x_wconf 82' lang='lat' dir='ltr'><strong>amplexus</strong></span> <span class='ocrx_word' id='word_1_220' title='bbox 1044 2935 1146 2999; x_wconf 89' lang='lat' dir='ltr'><strong>primus</strong></span> <span class='ocrx_word' id='word_1_221' title='bbox 1164 2932 1291 2997; x_wconf 82' lang='lat' dir='ltr'><strong>Aeschyli</strong></span> <span class='ocrx_word' id='word_1_222' title='bbox 1309 2939 1394 2983; x_wconf 87' lang='lat' dir='ltr'><strong>metra</strong></span> <span class='ocrx_word' id='word_1_223' title='bbox 1413 2934 1503 3003; x_wconf 85' lang='lat' dir='ltr'><strong>omnia</strong></span> 
     </span>
     <span class='ocr_line' id='line_1_26' title="bbox 151 3010 1503 3087; baseline -0.001 -15"><span class='ocrx_word' id='word_1_224' title='bbox 151 3010 308 3073; x_wconf 88' lang='lat' dir='ltr'><strong>inlustravit</strong></span> <span class='ocrx_word' id='word_1_225' title='bbox 325 3022 459 3071; x_wconf 88' lang='lat' dir='ltr'><strong>Henricus</strong></span> <span class='ocrx_word' id='word_1_226' title='bbox 477 3022 548 3072; x_wconf 90' lang='lat' dir='ltr'><strong>Weil</strong></span> <span class='ocrx_word' id='word_1_227' title='bbox 566 3023 595 3071; x_wconf 91' lang='lat' dir='ltr'><strong>in</strong></span> <span class='ocrx_word' id='word_1_228' title='bbox 614 3026 759 3087; x_wconf 89' lang='lat' dir='ltr'><strong>conspectu</strong></span> <span class='ocrx_word' id='word_1_229' title='bbox 777 3028 920 3073; x_wconf 89' lang='lat' dir='ltr'><strong>metrorum</strong></span> <span class='ocrx_word' id='word_1_230' title='bbox 939 3022 1095 3086; x_wconf 89' lang='lat' dir='ltr'><strong>lyricorum,</strong></span> <span class='ocrx_word' id='word_1_231' title='bbox 1114 3034 1193 3085; x_wconf 88' lang='lat' dir='ltr'><strong>quem</strong></span> <span class='ocrx_word' id='word_1_232' title='bbox 1212 3019 1324 3068; x_wconf 89' lang='lat' dir='ltr'><strong>editioni</strong></span> <span class='ocrx_word' id='word_1_233' title='bbox 1342 3018 1503 3085; x_wconf 81' lang='grc'>(1858-67)</span> 
     </span>
     <span class='ocr_line' id='line_1_27' title="bbox 154 3103 1500 3175; baseline -0.002 -15"><span class='ocrx_word' id='word_1_234' title='bbox 154 3110 263 3166; x_wconf 78' lang='lat' dir='ltr'><strong>adiecit.</strong></span> <span class='ocrx_word' id='word_1_235' title='bbox 287 3109 358 3159; x_wconf 89' lang='lat' dir='ltr'><strong>idem</strong></span> <span class='ocrx_word' id='word_1_236' title='bbox 388 3110 443 3159; x_wconf 91' lang='lat' dir='ltr'><strong>iam</strong></span> <span class='ocrx_word' id='word_1_237' title='bbox 473 3110 546 3175; x_wconf 89' lang='lat' dir='ltr'><strong>prius</strong></span> <span class='ocrx_word' id='word_1_238' title='bbox 576 3111 605 3159; x_wconf 92' lang='lat' dir='ltr'><strong>in</strong></span> <span class='ocrx_word' id='word_1_239' title='bbox 634 3110 736 3175; x_wconf 91' lang='lat' dir='ltr'><strong>aliquot</strong></span> <span class='ocrx_word' id='word_1_240' title='bbox 756 3111 876 3161; x_wconf 88' lang='lat' dir='ltr'><strong>censuris</strong></span> <span class='ocrx_word' id='word_1_241' title='bbox 894 3110 974 3159; x_wconf 89' lang='lat' dir='ltr'><strong>huius</strong></span> <span class='ocrx_word' id='word_1_242' title='bbox 994 3109 1130 3159; x_wconf 90' lang='lat' dir='ltr'><strong>doctrinae</strong></span> <span class='ocrx_word' id='word_1_243' title='bbox 1150 3108 1289 3156; x_wconf 87' lang='lat' dir='ltr'><strong>exstiterat</strong></span> <span class='ocrx_word' id='word_1_244' title='bbox 1306 3110 1435 3171; x_wconf 89' lang='lat' dir='ltr'><strong>patronus</strong></span> <span class='ocrx_word' id='word_1_245' title='bbox 1454 3103 1500 3174; x_wconf 83' lang='lat' dir='ltr'><strong>(ct.</strong></span> 
     </span>
     <span class='ocr_line' id='line_1_28' title="bbox 155 3179 1502 3265; baseline -0.002 -19"><span class='ocrx_word' id='word_1_246' title='bbox 155 3196 251 3247; x_wconf 83' lang='lat' dir='ltr'><strong>Annal.</strong></span> <span class='ocrx_word' id='word_1_247' title='bbox 276 3195 370 3261; x_wconf 91' lang='lat' dir='ltr'><strong>philol.</strong></span> <span class='ocrx_word' id='word_1_248' title='bbox 392 3179 435 3249; x_wconf 77' lang='lat'><strong>71.¹</strong></span> <span class='ocrx_word' id='word_1_249' title='bbox 458 3192 550 3265; x_wconf 89' lang='grc'>(1855)</span> <span class='ocrx_word' id='word_1_250' title='bbox 569 3214 595 3263; x_wconf 90' lang='lat' dir='ltr'><strong>p.</strong></span> <span class='ocrx_word' id='word_1_251' title='bbox 622 3198 769 3248; x_wconf 79' lang='lat' dir='ltr'><strong>ese-402.</strong></span> <span class='ocrx_word' id='word_1_252' title='bbox 788 3198 821 3248; x_wconf 94' lang='grc'><strong>85</strong></span> <span class='ocrx_word' id='word_1_253' title='bbox 841 3193 935 3265; x_wconf 74' lang='grc'>(1866)</span> <span class='ocrx_word' id='word_1_254' title='bbox 959 3212 985 3260; x_wconf 90' lang='lat' dir='ltr'><strong>p.</strong></span> <span class='ocrx_word' id='word_1_255' title='bbox 998 3196 1145 3256; x_wconf 84' lang='grc'>333-356,</span> <span class='ocrx_word' id='word_1_256' title='bbox 1158 3196 1190 3245; x_wconf 88' lang='grc'><strong>91</strong></span> <span class='ocrx_word' id='word_1_257' title='bbox 1204 3190 1298 3264; x_wconf 87' lang='grc'>(1865)</span> <span class='ocrx_word' id='word_1_258' title='bbox 1316 3209 1342 3259; x_wconf 92' lang='lat' dir='ltr'><strong>p.</strong></span> <span class='ocrx_word' id='word_1_259' title='bbox 1355 3194 1502 3244; x_wconf 79' lang='grc'>648-656.</span> 
     </span>
     <span class='ocr_line' id='line_1_29' title="bbox 156 3281 1502 3351; baseline -0.005 -15"><span class='ocrx_word' id='word_1_260' title='bbox 156 3298 235 3351; x_wconf 88' lang='lat' dir='ltr'><strong>quam</strong></span> <span class='ocrx_word' id='word_1_261' title='bbox 263 3282 334 3333; x_wconf 88' lang='lat' dir='ltr'><strong>Weil</strong></span> <span class='ocrx_word' id='word_1_262' title='bbox 362 3284 390 3332; x_wconf 91' lang='lat' dir='ltr'><strong>in</strong></span> <span class='ocrx_word' id='word_1_263' title='bbox 419 3283 561 3351; x_wconf 83' lang='lat' dir='ltr'><strong>Aeschylo,</strong></span> <span class='ocrx_word' id='word_1_264' title='bbox 589 3285 700 3335; x_wconf 90' lang='lat' dir='ltr'><strong>eandem</strong></span> <span class='ocrx_word' id='word_1_265' title='bbox 729 3284 807 3350; x_wconf 85' lang='lat' dir='ltr'><strong>Hugo</strong></span> <span class='ocrx_word' id='word_1_266' title='bbox 838 3284 973 3335; x_wconf 85' lang='lat' dir='ltr'><strong>Gladitsch</strong></span> <span class='ocrx_word' id='word_1_267' title='bbox 1001 3285 1028 3332; x_wconf 92' lang='lat' dir='ltr'><strong>in</strong></span> <span class='ocrx_word' id='word_1_268' title='bbox 1057 3281 1191 3347; x_wconf 87' lang='lat' dir='ltr'><strong>Sophocle</strong></span> <span class='ocrx_word' id='word_1_269' title='bbox 1218 3281 1415 3332; x_wconf 87' lang='lat' dir='ltr'><strong>administravit</strong></span> <span class='ocrx_word' id='word_1_270' title='bbox 1442 3296 1502 3346; x_wconf 90' lang='lat' dir='ltr'><strong>pro·</strong></span> 
     </span>
     <span class='ocr_line' id='line_1_30' title="bbox 154 3357 1503 3439; baseline -0.003 -18"><span class='ocrx_word' id='word_1_271' title='bbox 154 3357 286 3423; x_wconf 79' lang='lat' dir='ltr'><strong>vinciam:</strong></span> <span class='ocrx_word' id='word_1_272' title='bbox 307 3370 369 3436; x_wconf 89' lang='lat' dir='ltr'><strong>,Die</strong></span> <span class='ocrx_word' id='word_1_273' title='bbox 388 3370 619 3437; x_wconf 81' lang='lat' dir='ltr'><strong>Sopholrleischen</strong></span> <span class='ocrx_word' id='word_1_274' title='bbox 639 3370 786 3439; x_wconf 83' lang='lat' dir='ltr'><strong>Strophen&#39;</strong></span> <span class='ocrx_word' id='word_1_275' title='bbox 805 3370 911 3439; x_wconf 83' lang='lat' dir='ltr'><strong>(Progr.</strong></span> <span class='ocrx_word' id='word_1_276' title='bbox 930 3388 1021 3437; x_wconf 82' lang='lat' dir='ltr'><strong>gymn.</strong></span> <span class='ocrx_word' id='word_1_277' title='bbox 1040 3369 1164 3421; x_wconf 82' lang='lat' dir='ltr'><strong>Gulielmi</strong></span> <span class='ocrx_word' id='word_1_278' title='bbox 1183 3370 1255 3435; x_wconf 76' lang='lat' dir='ltr'><strong>regis</strong></span> <span class='ocrx_word' id='word_1_279' title='bbox 1272 3368 1361 3419; x_wconf 89' lang='lat' dir='ltr'><strong>Berol.</strong></span> <span class='ocrx_word' id='word_1_280' title='bbox 1381 3367 1503 3436; x_wconf 75' lang='grc'>186718).</span> 
     </span>
     <span class='ocr_line' id='line_1_31' title="bbox 155 3454 1503 3528; baseline -0.001 -20"><span class='ocrx_word' id='word_1_281' title='bbox 155 3463 251 3509; x_wconf 81' lang='lat' dir='ltr'><strong>contra</strong></span> <span class='ocrx_word' id='word_1_282' title='bbox 280 3459 398 3509; x_wconf 90' lang='lat' dir='ltr'><strong>tironum</strong></span> <span class='ocrx_word' id='word_1_283' title='bbox 425 3464 537 3521; x_wconf 89' lang='lat' dir='ltr'><strong>mentes,</strong></span> <span class='ocrx_word' id='word_1_284' title='bbox 565 3458 661 3525; x_wconf 91' lang='lat' dir='ltr'><strong>quibus</strong></span> <span class='ocrx_word' id='word_1_285' title='bbox 689 3460 717 3511; x_wconf 89' lang='lat' dir='ltr'><strong>id</strong></span> <span class='ocrx_word' id='word_1_286' title='bbox 744 3460 912 3525; x_wconf 89' lang='lat' dir='ltr'><strong>potissimum</strong></span> <span class='ocrx_word' id='word_1_287' title='bbox 941 3458 1104 3528; x_wconf 86' lang='lat' dir='ltr'><strong>destinatum</strong></span> <span class='ocrx_word' id='word_1_288' title='bbox 1127 3459 1175 3518; x_wconf 93' lang='lat' dir='ltr'><strong>est,</strong></span> <span class='ocrx_word' id='word_1_289' title='bbox 1203 3454 1396 3521; x_wconf 84' lang='lat' dir='ltr'><strong>perturbantur</strong></span> <span class='ocrx_word' id='word_1_290' title='bbox 1412 3457 1503 3521; x_wconf 90' lang='lat' dir='ltr'><strong>potius</strong></span> 
     </span>
     <span class='ocr_line' id='line_1_32' title="bbox 158 3540 1504 3614; baseline -0.002 -17"><span class='ocrx_word' id='word_1_291' title='bbox 158 3560 238 3611; x_wconf 89' lang='lat' dir='ltr'><strong>quam</strong></span> <span class='ocrx_word' id='word_1_292' title='bbox 258 3545 419 3597; x_wconf 86' lang='lat' dir='ltr'><strong>erudiuntur</strong></span> <span class='ocrx_word' id='word_1_293' title='bbox 437 3544 570 3595; x_wconf 87' lang='lat' dir='ltr'><strong>Dindorfii</strong></span> <span class='ocrx_word' id='word_1_294' title='bbox 598 3562 678 3611; x_wconf 90' lang='lat' dir='ltr'><strong>opere</strong></span> <span class='ocrx_word' id='word_1_295' title='bbox 697 3544 811 3614; x_wconf 86' lang='lat' dir='ltr'><strong>(,Matra</strong></span> <span class='ocrx_word' id='word_1_296' title='bbox 830 3545 957 3611; x_wconf 86' lang='lat' dir='ltr'><strong>Aeschyli</strong></span> <span class='ocrx_word' id='word_1_297' title='bbox 976 3543 1057 3610; x_wconf 89' lang='lat' dir='ltr'><strong>Soph.</strong></span> <span class='ocrx_word' id='word_1_298' title='bbox 1075 3544 1140 3594; x_wconf 82' lang='lat' dir='ltr'><strong>Eur.</strong></span> <span class='ocrx_word' id='word_1_299' title='bbox 1158 3547 1186 3593; x_wconf 86' lang='lat' dir='ltr'><strong>et</strong></span> <span class='ocrx_word' id='word_1_300' title='bbox 1202 3542 1338 3609; x_wconf 78' lang='lat' dir='ltr'><strong>Aristoph.</strong></span> <span class='ocrx_word' id='word_1_301' title='bbox 1357 3540 1504 3610; x_wconf 85' lang='lat' dir='ltr'><strong>descripta&#39;</strong></span> 
     </span>
     <span class='ocr_line' id='line_1_33' title="bbox 156 3628 1504 3702; baseline -0.003 -19"><span class='ocrx_word' id='word_1_302' title='bbox 156 3632 255 3683; x_wconf 89' lang='lat' dir='ltr'><strong>Oxonii</strong></span> <span class='ocrx_word' id='word_1_303' title='bbox 283 3629 374 3702; x_wconf 82' lang='lat'><strong>1842),</strong></span> <span class='ocrx_word' id='word_1_304' title='bbox 406 3637 435 3683; x_wconf 90' lang='lat' dir='ltr'><strong>ut</strong></span> <span class='ocrx_word' id='word_1_305' title='bbox 463 3633 510 3699; x_wconf 91' lang='lat' dir='ltr'><strong>qui</strong></span> <span class='ocrx_word' id='word_1_306' title='bbox 536 3632 668 3699; x_wconf 88' lang='lat' dir='ltr'><strong>neglectis</strong></span> <span class='ocrx_word' id='word_1_307' title='bbox 696 3632 848 3683; x_wconf 87' lang='lat' dir='ltr'><strong>rationibus</strong></span> <span class='ocrx_word' id='word_1_308' title='bbox 875 3631 1032 3697; x_wconf 88' lang='lat' dir='ltr'><strong>rhythmicis</strong></span> <span class='ocrx_word' id='word_1_309' title='bbox 1060 3630 1155 3696; x_wconf 77' lang='lat' dir='ltr'><strong>longas</strong></span> <span class='ocrx_word' id='word_1_310' title='bbox 1183 3629 1322 3681; x_wconf 85' lang='lat' dir='ltr'><strong>dumtaxat</strong></span> <span class='ocrx_word' id='word_1_311' title='bbox 1353 3628 1504 3696; x_wconf 88' lang='lat' dir='ltr'><strong>brevesque</strong></span> 
     </span>
     <span class='ocr_line' id='line_1_34' title="bbox 157 3706 1505 3785; baseline -0.003 -15"><span class='ocrx_word' id='word_1_312' title='bbox 157 3721 292 3771; x_wconf 87' lang='lat' dir='ltr'><strong>notaverit</strong></span> <span class='ocrx_word' id='word_1_313' title='bbox 310 3718 430 3784; x_wconf 91' lang='lat' dir='ltr'><strong>syllabas</strong></span> <span class='ocrx_word' id='word_1_314' title='bbox 456 3706 635 3785; x_wconf 84' lang='lat' dir='ltr'><strong>strophasque</strong></span> <span class='ocrx_word' id='word_1_315' title='bbox 663 3719 871 3784; x_wconf 88' lang='lat' dir='ltr'><strong>simplicissimis</strong></span> <span class='ocrx_word' id='word_1_316' title='bbox 899 3720 1063 3783; x_wconf 87' lang='lat' dir='ltr'><strong>compositas</strong></span> <span class='ocrx_word' id='word_1_317' title='bbox 1090 3718 1209 3768; x_wconf 86' lang='lat' dir='ltr'><strong>numeris</strong></span> <span class='ocrx_word' id='word_1_318' title='bbox 1234 3716 1423 3769; x_wconf 88' lang='lat' dir='ltr'><strong>diversissimis</strong></span> <span class='ocrx_word' id='word_1_319' title='bbox 1442 3732 1505 3767; x_wconf 91' lang='lat' dir='ltr'><strong>con·</strong></span> 
     </span>
     <span class='ocr_line' id='line_1_35' title="bbox 157 3802 1505 3875; baseline -0.001 -18"><span class='ocrx_word' id='word_1_320' title='bbox 157 3807 305 3875; x_wconf 78' lang='lat' dir='ltr'><strong>glutinatas</strong></span> <span class='ocrx_word' id='word_1_321' title='bbox 327 3822 385 3873; x_wconf 83' lang='lat' dir='ltr'><strong>esse</strong></span> <span class='ocrx_word' id='word_1_322' title='bbox 406 3808 497 3856; x_wconf 90' lang='lat' dir='ltr'><strong>metris</strong></span> <span class='ocrx_word' id='word_1_323' title='bbox 516 3806 568 3856; x_wconf 90' lang='lat' dir='ltr'><strong>sibi</strong></span> <span class='ocrx_word' id='word_1_324' title='bbox 584 3804 699 3859; x_wconf 86' lang='lat' dir='ltr'><strong>finxerit.</strong></span> <span class='ocrx_word' id='word_1_325' title='bbox 726 3806 854 3873; x_wconf 89' lang='lat' dir='ltr'><strong>inspicias</strong></span> <span class='ocrx_word' id='word_1_326' title='bbox 873 3820 973 3872; x_wconf 87' lang='lat' dir='ltr'><strong>quaeso</strong></span> <span class='ocrx_word' id='word_1_327' title='bbox 993 3820 1097 3855; x_wconf 89' lang='lat' dir='ltr'><strong>mecum</strong></span> <span class='ocrx_word' id='word_1_328' title='bbox 1119 3821 1144 3869; x_wconf 92' lang='lat' dir='ltr'><strong>p.</strong></span> <span class='ocrx_word' id='word_1_329' title='bbox 1167 3805 1210 3867; x_wconf 85' lang='grc'>86,</span> <span class='ocrx_word' id='word_1_330' title='bbox 1228 3803 1275 3853; x_wconf 90' lang='lat' dir='ltr'><strong>ubi</strong></span> <span class='ocrx_word' id='word_1_331' title='bbox 1302 3805 1332 3851; x_wconf 92' lang='lat' dir='ltr'><strong>in</strong></span> <span class='ocrx_word' id='word_1_332' title='bbox 1358 3818 1414 3855; x_wconf 85' lang='lat' dir='ltr'><strong>una</strong></span> <span class='ocrx_word' id='word_1_333' title='bbox 1434 3802 1505 3871; x_wconf 83' lang='lat' dir='ltr'><strong>Aga-</strong></span> 
     </span>
     <span class='ocr_line' id='line_1_36' title="bbox 155 3891 1504 3959; baseline -0.003 -14"><span class='ocrx_word' id='word_1_334' title='bbox 155 3895 305 3945; x_wconf 88' lang='lat' dir='ltr'><strong>memnonis</strong></span> <span class='ocrx_word' id='word_1_335' title='bbox 319 3894 427 3958; x_wconf 89' lang='lat' dir='ltr'><strong>stropha</strong></span> <span class='ocrx_word' id='word_1_336' title='bbox 440 3891 606 3959; x_wconf 78' lang='lat' dir='ltr'><strong>(v.379sqq.)</strong></span> <span class='ocrx_word' id='word_1_337' title='bbox 614 3892 790 3944; x_wconf 88' lang='lat' dir='ltr'><strong>describenda</strong></span> <span class='ocrx_word' id='word_1_338' title='bbox 800 3892 933 3958; x_wconf 86' lang='lat' dir='ltr'><strong>Aeschylo</strong></span> <span class='ocrx_word' id='word_1_339' title='bbox 952 3892 1019 3942; x_wconf 90' lang='lat' dir='ltr'><strong>tales</strong></span> <span class='ocrx_word' id='word_1_340' title='bbox 1037 3892 1156 3942; x_wconf 88' lang='lat' dir='ltr'><strong>insinuat</strong></span> <span class='ocrx_word' id='word_1_341' title='bbox 1168 3904 1274 3940; x_wconf 87' lang='lat' dir='ltr'><strong>versus:</strong></span> <span class='ocrx_word' id='word_1_342' title='bbox 1292 3891 1504 3955; x_wconf 85' lang='lat' dir='ltr'><strong>antispasticum,</strong></span> 
     </span>
     <span class='ocr_line' id='line_1_37' title="bbox 156 3976 1504 4052; baseline -0.004 -20"><span class='ocrx_word' id='word_1_343' title='bbox 156 3982 310 4044; x_wconf 88' lang='lat' dir='ltr'><strong>iambicum,</strong></span> <span class='ocrx_word' id='word_1_344' title='bbox 327 3981 630 4043; x_wconf 89' lang='lat' dir='ltr'><strong>iambico-trochaicum,</strong></span> <span class='ocrx_word' id='word_1_345' title='bbox 660 3980 925 4047; x_wconf 83' lang='lat' dir='ltr'><strong>ischiorrhogiacum,</strong></span> <span class='ocrx_word' id='word_1_346' title='bbox 951 3976 1248 4030; x_wconf 88' lang='lat' dir='ltr'><strong>iambico-trochaicum</strong></span> <span class='ocrx_word' id='word_1_347' title='bbox 1266 3992 1335 4052; x_wconf 85' lang='lat' dir='ltr'><strong>cum¹</strong></span> <span class='ocrx_word' id='word_1_348' title='bbox 1345 3978 1504 4041; x_wconf 80' lang='lat' dir='ltr'><strong>antispasto,</strong></span> 
     </span>
     <span class='ocr_line' id='line_1_38' title="bbox 156 4065 1504 4135; baseline -0.004 -13"><span class='ocrx_word' id='word_1_349' title='bbox 156 4070 305 4122; x_wconf 89' lang='lat' dir='ltr'><strong>clausulam</strong></span> <span class='ocrx_word' id='word_1_350' title='bbox 324 4068 541 4135; x_wconf 89' lang='lat' dir='ltr'><strong>choriambicam,</strong></span> <span class='ocrx_word' id='word_1_351' title='bbox 567 4068 729 4135; x_wconf 85' lang='lat' dir='ltr'><strong>dactylicum</strong></span> <span class='ocrx_word' id='word_1_352' title='bbox 748 4068 957 4135; x_wconf 86' lang='lat' dir='ltr'><strong>glyconeosque.</strong></span> <span class='ocrx_word' id='word_1_353' title='bbox 976 4083 1067 4118; x_wconf 88' lang='lat' dir='ltr'><strong>nonne</strong></span> <span class='ocrx_word' id='word_1_354' title='bbox 1086 4068 1109 4117; x_wconf 92' lang='lat' dir='ltr'><strong>si</strong></span> <span class='ocrx_word' id='word_1_355' title='bbox 1128 4065 1195 4118; x_wconf 87' lang='lat' dir='ltr'><strong>tales</strong></span> <span class='ocrx_word' id='word_1_356' title='bbox 1215 4065 1367 4116; x_wconf 87' lang='lat' dir='ltr'><strong>admisisset</strong></span> <span class='ocrx_word' id='word_1_357' title='bbox 1379 4079 1504 4116; x_wconf 88' lang='lat' dir='ltr'><strong>numeros</strong></span> 
     </span>
     <span class='ocr_line' id='line_1_39' title="bbox 154 4144 1503 4223; baseline -0.004 -15"><span class='ocrx_word' id='word_1_358' title='bbox 154 4157 314 4223; x_wconf 87' lang='lat' dir='ltr'><strong>Aeschylus,</strong></span> <span class='ocrx_word' id='word_1_359' title='bbox 327 4159 373 4223; x_wconf 93' lang='lat' dir='ltr'><strong>qui</strong></span> <span class='ocrx_word' id='word_1_360' title='bbox 392 4144 461 4208; x_wconf 84' lang='lat' dir='ltr'><strong>inter</strong></span> <span class='ocrx_word' id='word_1_361' title='bbox 479 4162 582 4207; x_wconf 90' lang='lat' dir='ltr'><strong>ceteros</strong></span> <span class='ocrx_word' id='word_1_362' title='bbox 600 4156 716 4223; x_wconf 79' lang='lat' dir='ltr'><strong>tragicos</strong></span> <span class='ocrx_word' id='word_1_363' title='bbox 734 4155 920 4221; x_wconf 90' lang='lat' dir='ltr'><strong>rhythmorum</strong></span> <span class='ocrx_word' id='word_1_364' title='bbox 939 4154 1047 4205; x_wconf 88' lang='lat' dir='ltr'><strong>excellit</strong></span> <span class='ocrx_word' id='word_1_365' title='bbox 1064 4152 1234 4219; x_wconf 90' lang='lat' dir='ltr'><strong>simplicitate</strong></span> <span class='ocrx_word' id='word_1_366' title='bbox 1252 4166 1284 4201; x_wconf 89' lang='lat' dir='ltr'><strong>ac</strong></span> <span class='ocrx_word' id='word_1_367' title='bbox 1301 4152 1503 4217; x_wconf 83' lang='lat' dir='ltr'><strong>perspicuitate,</strong></span> 
     </span>
     <span class='ocr_line' id='line_1_40' title="bbox 156 4234 1504 4307; baseline -0.004 -12"><span class='ocrx_word' id='word_1_368' title='bbox 156 4247 184 4295; x_wconf 89' lang='lat' dir='ltr'><strong>in</strong></span> <span class='ocrx_word' id='word_1_369' title='bbox 204 4260 265 4297; x_wconf 90' lang='grc'>5551</span> <span class='ocrx_word' id='word_1_370' title='bbox 283 4244 411 4295; x_wconf 90' lang='lat' dir='ltr'><strong>caderent</strong></span> <span class='ocrx_word' id='word_1_371' title='bbox 428 4244 553 4294; x_wconf 86' lang='lat' dir='ltr'><strong>Aristidis</strong></span> <span class='ocrx_word' id='word_1_372' title='bbox 572 4234 731 4305; x_wconf 78' lang='lat' dir='ltr'><strong>Quintiliani</strong></span> <span class='ocrx_word' id='word_1_373' title='bbox 751 4243 835 4293; x_wconf 90' lang='lat' dir='ltr'><strong>verba</strong></span> <span class='ocrx_word' id='word_1_374' title='bbox 853 4259 879 4307; x_wconf 92' lang='lat' dir='ltr'><strong>p.</strong></span> <span class='ocrx_word' id='word_1_375' title='bbox 908 4244 940 4291; x_wconf 83' lang='grc'><strong>99</strong></span> <span class='ocrx_word' id='word_1_376' title='bbox 959 4242 1042 4294; x_wconf 84' lang='lat' dir='ltr'><strong>Maib.</strong></span> <span class='ocrx_word' id='word_1_377' title='bbox 1070 4239 1136 4301; x_wconf 78' lang='grc' dir='ltr'><em>τούς</em></span> <span class='ocrx_word' id='word_1_378' title='bbox 1152 4255 1182 4304; x_wconf 80' lang='grc' dir='ltr'><strong>γε</strong></span> <span class='ocrx_word' id='word_1_379' title='bbox 1200 4234 1254 4305; x_wconf 81' lang='grc' dir='ltr'><strong>μὴν</strong></span> <span class='ocrx_word' id='word_1_380' title='bbox 1275 4236 1383 4297; x_wconf 80' lang='grc' dir='ltr'>τούτοις</span> <span class='ocrx_word' id='word_1_381' title='bbox 1401 4235 1504 4290; x_wconf 78' lang='grc' dir='ltr'>ἅπασιν</span> 
     </span>
     <span class='ocr_line' id='line_1_41' title="bbox 157 4313 1413 4400; baseline -0.006 -17"><span class='ocrx_word' id='word_1_382' title='bbox 157 4330 281 4391; x_wconf 80' lang='grc' dir='ltr'><strong><em>ἀτάκτως</em></strong></span> <span class='ocrx_word' id='word_1_383' title='bbox 297 4328 454 4400; x_wconf 78' lang='grc' dir='ltr'><strong><em>χρωμένους</em></strong></span> <span class='ocrx_word' id='word_1_384' title='bbox 472 4328 536 4381; x_wconf 77' lang='grc' dir='ltr'><em>οὐδὲ</em></span> <span class='ocrx_word' id='word_1_385' title='bbox 554 4330 604 4397; x_wconf 78' lang='grc' dir='ltr'><strong>τὴν</strong></span> <span class='ocrx_word' id='word_1_386' title='bbox 622 4328 747 4380; x_wconf 79' lang='grc' dir='ltr'>διάνοιαν</span> <span class='ocrx_word' id='word_1_387' title='bbox 765 4329 952 4396; x_wconf 78' lang='grc' dir='ltr'><strong><em>καθεστῶτας,</em></strong></span> <span class='ocrx_word' id='word_1_388' title='bbox 971 4313 1153 4396; x_wconf 74' lang='grc' dir='ltr'><strong><em>παραφόρους</em></strong></span> <span class='ocrx_word' id='word_1_389' title='bbox 1170 4324 1200 4377; x_wconf 79' lang='grc' dir='ltr'><strong>δὲ</strong></span> <span class='ocrx_word' id='word_1_390' title='bbox 1219 4324 1413 4391; x_wconf 81' lang='grc' dir='ltr'>κατανοήσεις1</span> 
     </span>
    </p>

    <p class='ocr_par' dir='ltr' id='par_1_6' title="bbox 160 4413 1507 4573">
     <span class='ocr_line' id='line_1_42' title="bbox 245 4413 1506 4489; baseline -0.006 -18"><span class='ocrx_word' id='word_1_391' title='bbox 245 4419 382 4489; x_wconf 62' lang='grc'><strong>8)01.65</strong></span> <span class='ocrx_word' id='word_1_392' title='bbox 407 4436 435 4471; x_wconf 88' lang='grc'><strong>15</strong></span> <span class='ocrx_word' id='word_1_393' title='bbox 454 4425 530 4472; x_wconf 90' lang='lat' dir='ltr'><strong>metr.</strong></span> <span class='ocrx_word' id='word_1_394' title='bbox 548 4418 590 4470; x_wconf 79' lang='lat'><strong>11¹</strong></span> <span class='ocrx_word' id='word_1_395' title='bbox 611 4421 677 4486; x_wconf 74' lang='lat'><strong>6163</strong></span> <span class='ocrx_word' id='word_1_396' title='bbox 705 4417 888 4483; x_wconf 85' lang='lat' dir='ltr'><strong>,Allgemeine</strong></span> <span class='ocrx_word' id='word_1_397' title='bbox 915 4418 1030 4467; x_wconf 82' lang='lat' dir='ltr'><strong>Theorie</strong></span> <span class='ocrx_word' id='word_1_398' title='bbox 1058 4416 1105 4466; x_wconf 91' lang='lat' dir='ltr'><strong>der</strong></span> <span class='ocrx_word' id='word_1_399' title='bbox 1131 4413 1260 4469; x_wconf 80' lang='lat' dir='ltr'><strong>mnsikal.</strong></span> <span class='ocrx_word' id='word_1_400' title='bbox 1288 4414 1436 4479; x_wconf 82' lang='lat' dir='ltr'><strong>Rhythmilr</strong></span> <span class='ocrx_word' id='word_1_401' title='bbox 1457 4416 1506 4466; x_wconf 88' lang='lat' dir='ltr'><strong>seit</strong></span> 
     </span>
     <span class='ocr_line' id='line_1_43' title="bbox 160 4501 1507 4573; baseline -0.003 -14"><span class='ocrx_word' id='word_1_402' title='bbox 160 4508 186 4559; x_wconf 88' lang='lat' dir='ltr'><strong>J.</strong></span> <span class='ocrx_word' id='word_1_403' title='bbox 206 4508 233 4560; x_wconf 79' lang='lat' dir='ltr'><strong>S.</strong></span> <span class='ocrx_word' id='word_1_404' title='bbox 250 4506 325 4559; x_wconf 86' lang='lat' dir='ltr'><strong>Bach</strong></span> <span class='ocrx_word' id='word_1_405' title='bbox 344 4508 393 4558; x_wconf 86' lang='lat' dir='ltr'><strong>auf</strong></span> <span class='ocrx_word' id='word_1_406' title='bbox 403 4506 559 4573; x_wconf 80' lang='lat' dir='ltr'><strong>Grundlage</strong></span> <span class='ocrx_word' id='word_1_407' title='bbox 573 4507 620 4559; x_wconf 89' lang='lat' dir='ltr'><strong>der</strong></span> <span class='ocrx_word' id='word_1_408' title='bbox 633 4507 744 4557; x_wconf 86' lang='lat' dir='ltr'><strong>antiken</strong></span> <span class='ocrx_word' id='word_1_409' title='bbox 765 4503 829 4557; x_wconf 62' lang='grc' dir='ltr'><strong>515.ι</strong></span> <span class='ocrx_word' id='word_1_410' title='bbox 847 4506 958 4572; x_wconf 86' lang='lat' dir='ltr'><strong>Lipsiae</strong></span> <span class='ocrx_word' id='word_1_411' title='bbox 972 4505 1048 4565; x_wconf 87' lang='grc'>1880,</span> <span class='ocrx_word' id='word_1_412' title='bbox 1066 4519 1092 4570; x_wconf 93' lang='lat' dir='ltr'><strong>p.</strong></span> <span class='ocrx_word' id='word_1_413' title='bbox 1116 4503 1165 4553; x_wconf 88' lang='grc'><strong>105</strong></span> <span class='ocrx_word' id='word_1_414' title='bbox 1186 4508 1213 4554; x_wconf 90' lang='lat' dir='ltr'><strong>et</strong></span> <span class='ocrx_word' id='word_1_415' title='bbox 1232 4502 1298 4564; x_wconf 76' lang='lat'><strong>1273</strong></span> <span class='ocrx_word' id='word_1_416' title='bbox 1318 4501 1507 4563; x_wconf 79' lang='lat' dir='ltr'><strong>,Aristoxenus</strong></span> 
     </span>
    </p>
   </div>
   <div class='ocr_carea' id='block_1_4' title="bbox 0 0 1658 5059">
    <p class='ocr_par' dir='ltr' id='par_1_7' title="bbox 0 0 1658 5059">
     <span class='ocr_line' id='line_1_44' title="bbox 0 0 1658 5059; baseline 0 0"><span class='ocrx_word' id='word_1_417' title='bbox 0 0 1658 5059; x_wconf 95' lang='lat' dir='ltr'><strong> </strong></span> 
     </span>
    </p>
   </div>
  </div>
 </body>
</html>
