3300 5059
1350 244 1353 251 ’
1409 268 1471 351 aar

122 455 263 514 dicuntur
290 453 328 513 de
351 416 579 532 Agamemnone
603 453 640 511 ob
665 452 848 512 Graecorum
872 435 996 513 cladem
1022 415 1229 515 6666666666Ι
1239 456 1358 515 66111666
1380 457 1470 516 Tusa.

121 558 174 617 111
197 561 248 632 66,
270 560 329 619 62:
1472 550 1476 557 ⁵

348 587 485 706 ‘scindens
503 643 597 694 dolore
616 641 776 694 identidem
783 636 928 693 intonsam
937 644 1048 694 comam’
1068 622 1130 711 (inc.
1150 644 1168 695 f.
1187 645 1240 711 19),
1301 626 1305 632 Ι
1347 640 1351 647 ’
1455 628 1458 635 ’

122 772 211 830 quem
240 751 417 831 plangorem
441 747 548 810 Cicero
570 742 724 826 adludens
746 750 835 835 simul
859 749 894 808 66
919 746 1010 809 Hom.
1034 751 1071 809 Il.
1096 750 1127 809 Χ
1153 752 1191 810 16
1216 771 1260 827 sq.
1285 732 1358 811 dicit
1379 753 1471 833 plane

121 868 297 935 perversum
332 876 398 915 esse
422 863 524 934 atque
555 855 702 919 inutilem
735 875 773 913 ex
805 854 1022 915 Phoenissis
1054 865 1154 915 autem
1184 842 1484 939 (1166116166.

114 980 152 1039 p.
177 963 236 1020 611
263 980 341 1041 sqq.,
364 962 467 1022 Roem
493 961 586 1039 Trag.
611 981 640 1039 p
665 960 727 1018 476
751 946 834 1040 sqq.)
860 959 958 1019 locum
982 959 1067 1018 illum
1092 959 1262 1019 Ciceroni
1253 982 1284 1019 m
1308 982 1350 1021 or.
1368 959 1433 1020 066
1452 962 1471 1019 Ι

122 1068 311 1139 6106666
339 1065 440 1125 oculos
468 1072 621 1123 versatum
654 1082 720 1123 esse
742 1064 848 1175 Lange
871 1044 969 1123 vind.
982 1085 1016 1143 p.
1043 1064 1084 1123 34
1107 1068 1217 1139 monet,
1248 1086 1308 1144 quo
1328 1065 1470 1126 ¹Eteocles
1568 1118 1570 1122 .
1633 1074 1634 1113 ὲ

119 1171 242 1231 tratrem
266 1190 304 1229 ex
326 1169 401 1229 urbe
424 1168 526 1249 egredi
549 1168 648 1228 16666.

459 1287 597 1356 egredere,
615 1290 666 1351 exi,
686 1286 757 1339 66161
774 1293 810 1352 66,
830 1288 938 1339 elimina
955 1286 1035 1340 rirbel
1054 1288 1097 1355 (ir.
1116 1291 1150 1357 1).
1203 1320 1205 1325 -

153 1402 156 1407 ’
223 1399 288 1457 Iam
311 1417 384 1456 vero
413 1397 465 1478 qui
497 1402 655 1475 praeterea
686 1384 884 1455 inveniuntur
915 1395 995 1475 apud
1025 1397 1214 1456 Ciceronem¹
1232 1417 1270 1457 ex
1290 1398 1470 1477 tragoediis

124 1522 238 1575 versus,
268 1513 349 1561 certo
373 1500 494 1580 quidem
518 1500 612 1561 Accio
635 1509 790 1576 nequeunt
812 1500 946 1574 attribui,
987 1490 1168 1581 quamquam
1191 1502 1330 1563 Ribbeck
1362 1505 1471 1564 multos

119 1607 223 1667 exeis
257 1607 394 1666 versibus
428 1627 481 1665 suo
513 1608 578 1665 iure
610 1590 737 1684 singulis
761 1605 847 1665 Accii
879 1606 990 1664 fabulis
1025 1606 1142 1693 dedisse
1175 1607 1248 1666 mihi
1270 1608 1400 1669 videtur.
1436 1630 1470 1668 66

119 1713 248 1791 primum
281 1711 403 1790 quidem
436 1731 474 1771 ex
503 1711 694 1771 Armorum
726 1695 872 1770 Iudicio
905 1706 1131 1792 (Trag.‘Rom.
1153 1712 1200 1773 tr.
1234 1732 1263 1791 p.
1303 1716 1364 1773 164
1392 1735 1468 1794 sqq.,

119 1819 225 1876 Boem.
243 1816 335 1895 lrag.
359 1837 390 1896 6.
408 1819 470 1876 368
492 1812 576 1897 sqq.)
600 1805 735 1894 sumptos
758 1834 823 1873 esse
847 1814 925 1873 arbit
913 1823 1010 1873 tratur
1022 1834 1146 1889 versus,
1171 1836 1245 1896 qnos
1270 1818 1373 1877 Cicero
1397 1821 1470 1889 citat

105 1902 303 1981 ἡ66611.ΙΙΙ
327 1924 377 1995 66,
403 1924 455 1983 38.
487 1941 587 2000 neque
625 1921 704 1980 enim
743 1919 867 1979 dubium
905 1927 959 1994 est,
994 1921 1066 1995 quin
1089 1912 1193 2011 Aiacis
1217 1930 1322 1997 atque
1369 1924 1468 1983 Ulixis

118 2009 277 2099 orationes,
324 2022 432 2100 quibus
471 2045 525 2084 sua
556 2034 684 2104 uterque
722 2023 760 2083 de
799 2022 931 2084 Graecis
969 2026 1077 2085 merita
1110 2029 1310 2100 enumeravit,
1345 2028 1468 2088 alterius

118 2140 219 2191 autem
242 2131 406 2189 facinora
397 2131 575 2202 imminuere
599 2136 688 2204 atque
712 2130 822 2207 infring
805 2150 888 2188 ‘were
885 2120 1022 2204 studuit,
1052 2140 1167 2189 summa
1200 2131 1365 2190 adiecerint
1391 2134 1466 2191 Tul

119 2237 193 2295 lium
216 2236 415 2295 delectatione
443 2232 495 2316 (cl.
518 2234 645 2293 Pacuvii
673 2235 758 2293 Arm.
789 2234 857 2293 Iud.
882 2255 912 2314 p.
937 2232 1025 2317 636).
1063 2224 1167 2315 itaque
1201 2220 1238 2295 ex
1262 2221 1366 2296 Aiacis
1399 2258 1464 2296 ora-

118 2342 200 2399 tione
234 2339 438 2420 depromptus·
464 2348 510 2398 est
531 2340 624 2412 locus,
662 2360 720 2414 quo
743 2340 795 2398 1116
819 2339 942 2410 Ulixem
974 2342 1092 2399 incusat
1125 2341 1286 2409 simulatae
1321 2344 1467 2427 insaniae.

123 2447 306 2505 demonstrat
329 2446 408 2503 enim
432 2446 536 2504 Cicero
559 2443 747 2503 honestatem
770 2464 862 2525 saepe
886 2453 1002 2504 certare
1019 2461 1092 2503 ¹curn
1123 2446 1262 2520 utilitato,
1287 2467 1376 2526 quam
1406 2466 1467 2506 rem

119 2552 248 2631 primum
281 2571 319 2609 ex
349 2549 461 2608 fabulis
493 2550 566 2634 ipsis
599 2551 852 2630 comprobandam
886 2551 1020 2630 suscipit.
1053 2552 1145 2610 ‘utile’
1175 2552 1273 2629 inquit
1297 2530 1479 2632 ‘ridebatur

120 2656 204 2716 Ulixi
237 2704 245 2719 .
270 2703 278 2718 .
303 2702 311 2718 .
336 2702 342 2715 .
366 2654 419 2712 sed
448 2654 622 2713 insimulant
646 2674 714 2715 eum
737 2640 911 2733 tragoediae
945 2655 1137 2715 simulatione
1160 2657 1296 2715 insaniae
1320 2651 1468 2717 ⁴militiam

119 2760 329 2837 subterfugere
358 2759 489 2818 voluisse
520 2804 526 2819 .
552 2803 558 2816 .
585 2805 591 2818 .
618 2806 625 2821 .
659 2760 732 2836 quid
766 2761 845 2819 enirn
880 2758 1051 2819 auditurum
1080 2768 1169 2838 putas
1208 2761 1302 2837 baisse
1336 2762 1467 2835 Ulixem,

119 2866 144 2924 si
168 2866 199 2923 in
222 2864 489 2923 illasimulatione
527 2850 803 2943 perseveravisset?
841 2865 892 2938 qui
922 2884 996 2923 cum
1030 2854 1176 2923 maximas
1209 2860 1255 2924 res
1284 2869 1410 2944 gesserit
1436 2869 1467 2925 in

119 2970 334 3042 bello,·tamen
358 2969 433 3056 baec
456 2969 560 3029 audiat
583 2970 619 3029 ab
644 2970 752 3027 Aiace:

500 3126 578 3175 onius
595 3124 654 3189 ipse
673 3128 797 3191 princeps
815 3122 882 3185 id'ris
900 3123 1009 3176 iurandi
1027 3125 1086 3191 suit,

501 3214 572 3279 q'uod
592 3212 685 3263 dmnes
703 3199 786 3277 scitis,
805 3212 880 3265 sdlus
898 3212 1016 3278 neglexit
1033 3213 1128 3264 fidem:

431 3280 1067 3364 ’*616666666166-6666666666.
1154 3293 1177 3299 ”
1246 3294 1249 3299 ’

499 3389 571 3454 quod
589 3384 619 3437 61
636 3388 776 3439 Palamedi
794 3386 935 3454 perspicax
952 3386 1096 3455 prudentia

479 3474 572 3526 'istius
591 3482 733 3543 perspexet
752 3473 914 3527 militiosam
933 3474 1083 3539 addictam,

425 3593 428 3597 ι
493 3562 545 3613 1166
564 3570 689 3615 sacratae
707 3562 749 3613 ‘rds
767 3570 897 3631 perpetuo
917 3561 1028 3615 iilleret'
1048 3564 1111 3631 (inc.
1130 3565 1182 3616 inc.
1203 3565 1220 3617 1.
1240 3564 1296 3631 31).

115 3707 282 3782 eodemque
314 3705 402 3766 modo
427 3703 564 3765 Ciceroni
596 3708 660 3765 sine
684 3705 776 3765 dubio
798 3708 847 3775 uel
872 3710 1002 3771 maxime
1024 3708 1140 3788 placuit
1163 3716 1312 3767 certarnen
1337 3708 1411 3767 illud
1430 3709 1467 3767 de

116 3814 294 3872 feminarum
317 3811 488 3891 virtutibus,
522 3809 602 3884 quod
633 3812 664 3869 in
698 3812 764 3891 ipso
792 3812 984 3889 Meleagri
1016 3814 1101 3872 initio
1126 3810 1232 3895 (Trag.
1256 3814 1342 3873 Rom.
1365 3815 1411 3872 tr.
1434 3834 1465 3891 p.

120 3921 181 3977 133
227 3939 304 3997 sqq.,
349 3919 455 3978 Roem.
492 3917 585 3995 Trag.
631 3938 661 3995 p.
695 3919 757 3976 606
792 3918 870 3992 sqq.)
899 3904 970 3975 'tuit
1014 3919 1092 3977 inter
1136 3916 1312 3991 Atalanten,
1345 3919 1468 3979 fortissi-

117 4044 195 4081 mam
219 4023 397 4102 viraginem,
422 4030 451 4081 66
461 4007 669 4101 Ι(1166666666,
693 4022 841 4101 Meleagri
857 4042 992 4097 uxorem,
1015 4020 1152 4083 molliore
1167 4008 1334 4103 praeditam
1350 4031 1467 4085 natura.

116 4130 233 4208 quain
268 4128 472 4189 controversia
495 4127 641 4187 Atalante
665 4124 884 4205 Spartiatarum
918 4128 1070 4207 virginum
1102 4148 1199 4187 naeres
1227 4128 1337 4187 leviter
1367 4130 1468 4207 potuit

117 4234 277 4312 attingere.
309 4234 399 4292 buius
422 4233 481 4293 loci
504 4232 596 4310 igitur
613 4230 856 4307 Cicerovidetur
879 4234 1063 4293 mentionem
1086 4234 1186 4292 facere
1202 4232 1337 4293 Tusc.II
1350 4234 1398 4309 16,
1415 4235 1465 4305 36,

113 4337 167 4399 ubi
200 4347 314 4419 quanta
344 4340 383 4397 sit
410 4338 540 4397 utilitate
566 4356 678 4418 corpus¹
698 4336 852 4396 laboribus
879 4338 1073 4422 adsuefacere
1097 4338 1241 4397 ostendit:
1276 4339 1386 4412 ‘itaque
1410 4336 1466 4395 illi'

114 4446 157 4503 ait
180 4445 243 4520 ‘qui
265 4442 412 4504 Graeciae
435 4445 561 4503 formam
584 4463 681 4501 rerum
706 4442 894 4521 publicarum
920 4443 1077 4515 dederunt,
1103 4463 1227 4521 corpora
1250 4443 1393 4500 iuvenum
1417 4444 1465 4500 iir-

115 4551 190 4608 mari
223 4549 326 4608 labore
359 4549 535 4622 voluerunt;
573 4548 653 4629 quod
689 4548 860 4625 Spartiatae
893 4550 982 4607 otiam
1019 4550 1049 4604 in
1081 4548 1209 4605 feminas
1239 4548 1466 4619 transtulerunt,

1310 4653 1364 4703 66Ι
