3300 5059
294 417 431 494 Quodsi
455 417 492 478 de
516 419 640 498 siugulis
668 419 805 479 consonis
830 418 952 500 liquidis
977 419 1108 499 quaeris,
1133 420 1164 480 In
1188 426 1261 498 quot
1287 424 1426 499 quaeque
1450 437 1578 478 earum

208 525 375 604 reperiatur
398 523 555 606 exemplis,
579 524 720 605 inspicias
742 523 822 584 hanc
844 523 991 584 tabulam:

871 813 877 826 .
1103 769 1131 818 in
1149 766 1272 818 omnibus

869 829 897 861 m
916 829 954 863 ω’
975 829 1016 879 ⁰p⁰
1076 856 1301 922 Theocrccgen.

244 813 365 880 liquidae
414 814 443 862 tn
461 829 499 864 oc.
517 812 578 862 buc.
625 812 654 861 in
672 828 710 864 ce.
729 812 799 862 mim.
1345 811 1432 862 inco.
1442 809 1514 860 dub.

291 1598 329 1658 In
352 1619 388 1658 ea
411 1608 511 1659 autem
534 1619 576 1674 re,
600 1599 681 1680 quod
697 1620 838 1660 numerus
859 1601 1002 1676 locorum,
1020 1599 1127 1680 quibus
1143 1622 1162 1683 ρ
1176 1598 1294 1680 liquida
1308 1597 1428 1676 legitur,
1463 1596 1564 1656 multo

202 1713 323 1786 ruperat
356 1705 484 1765 aliorum
508 1705 714 1786 exemplorum
746 1726 892 1765 summam
924 1727 960 1764 ac
1001 1706 1163 1786 praecipue
1191 1725 1302 1777 eorum,
1335 1723 1412 1782 quae
1446 1701 1566 1761 habent

203 1811 335 1891 liquidas
366 1835 390 1892 μ
421 1820 451 1871 et
481 1834 511 1884 ν,
541 1812 615 1870 mihi
644 1810 870 1891 quidem'haud
895 1812 1054 1891 quicquam
1086 1809 1282 1871 memorabile
1303 1807 1421 1868 videtur
1443 1808 1560 1881 inesse;

204 1918 295 1976 immo
318 1936 390 1975 vero
413 1914 507 1974 indoli
529 1916 623 1994 ipsius
645 1916 767 1993 linguae
783 1915 929 1989 Graecae,
946 1918 977 1974 in
995 1936 1054 1996 qua
1070 1915 1101 1974 id
1119 1935 1214 1995 genus
1229 1913 1454 1986 vocabulorum,
1479 1932 1560 1992 quae

203 2022 352 2100 incipiunt
383 2040 401 2078 a
433 2027 516 2078 muta
548 2041 615 2078 cum
647 2043 666 2102 ρ
698 2020 748 2082 vel
779 2023 798 2082 λ
830 2022 999 2094 coniuncta,
1033 2021 1127 2080 multo
1154 2021 1250 2078 maior
1281 2028 1327 2079 est
1357 2018 1444 2098 copia
1466 2037 1560 2096 quarn

203 2145 314 2197 eorum,
346 2144 424 2203 quae
458 2145 478 2182 a
510 2133 594 2183 muta
626 2145 693 2183 cum
726 2147 749 2206 μ
780 2125 832 2185 vel
854 2148 875 2187 ν
897 2124 1019 2206 liquidis
1050 2126 1168 2184 initium
1190 2125 1320 2204 capiunt,
1352 2121 1430 2182 illud
1460 2123 1558 2202 impu-

202 2227 328 2288 tandum
365 2247 431 2287 esse
467 2229 615 2292 existimo.
654 2229 750 2288 simile
788 2230 868 2288 enim
912 2229 1070 2288 discrimen
1115 2238 1208 2309 atque
1250 2230 1282 2287 in
1319 2228 1366 2288 his
1409 2227 1558 2307 exemplis

206 2332 419 2394 distribuendis
451 2334 542 2392 etiam
573 2333 664 2412 paulo
687 2334 766 2392 infra
789 2332 1025 2412 observabimus,
1048 2333 1102 2393 ubi
1126 2333 1164 2393 de
1187 2333 1263 2392 loeis
1286 2352 1417 2412 agemus,
1447 2331 1558 2411 quibus

204 2439 311 2499 breves
334 2438 454 2498 vocales
477 2438 583 2497 finales
606 2446 717 2498 mutam
741 2460 766 2499 o.
789 2438 810 2500 l.
835 2439 1046 2500 antecedentes
1069 2448 1191 2500 manent
1215 2439 1374 2517 integrae.'
1393 2445 1462 2498 sunt
1483 2458 1557 2496 vero

208 2544 287 2604 aliae
318 2545 460 2617 rationes,
496 2561 569 2622 quas
602 2543 779 2622 observasse
802 2541 1008 2619 Theocritum,
1041 2546 1068 2605 si
1090 2545 1258 2605 accuratius
1281 2562 1344 2604 rem
1378 2543 1556 2621 inspexeris,

206 2732 413 2746 ὢ-ιὰ-ῌ

209 2842 240 2892 18
259 2835 375 2906 ζωστῆρι
393 2836 527 2907 eterna,
545 2840 579 2890 25
597 2834 680 2890 λανὸν
698 2832 743 2889 έπι
759 2835 905 2905 θρώσνεις,
924 2841 974 2890 114
992 2835 1079 2905 πέτρα
1096 2837 1150 2889 tirso
1169 2837 1306 2905 Βλεμόων,
1323 2837 1361 2888 IX
1389 2840 1421 2889 19
1441 2830 1471 2887 έν
1487 2833 1554 2903 πυρὶ

205 2923 236 2978 δὲ
253 2923 364 2995 δρυΐνῳ,
383 2929 416 2977 30
434 2925 471 2992 μή
488 2941 532 2976 πω
552 2921 596 2976 tat
613 2924 748 2991 γλώσσας,
776 2926 799 2990 b)
819 2927 847 2977 II
867 2929 916 2977 113
935 2921 979 2976 ἐπὶ
1001 2928 1128 2992 κλιντῆρι,
1146 2926 1211 2976 XIV
1228 2929 1261 2977 18
1279 2923 1332 2992 ἤδη
1350 2921 1381 2974 δὲ
1399 2920 1551 2991 προϊόντος,

205 3015 238 3066 53
258 3011 307 3065 οὐκ
325 3001 399 3064 οῖδα
423 3010 501 3079 πλάν,
520 3013 569 3062 XV
588 3016 621 3067 38
639 3011 709 3064 κατὰ
726 3012 846 3079 γνώμαν,
867 3016 915 3064 117
934 3010 989 3063 ἀπὸ
1007 3014 1135 3079 γλνκερῶ,
1154 3015 1203 3063 141
1221 3009 1262 3062 ἔτι
1279 3009 1425 3079 πρότερον;
1443 3015 1466 3076 o)
1483 3012 1548 3061 XIII

208 3105 239 3152 16
257 3094 289 3151 τὸ
306 3101 441 3169 χρύσειον,
462 3102 526 3154 XVI
543 3104 561 3152 4
579 3099 665 3167 ἄμμες
683 3098 713 3150 δὲ
731 3099 833 3167 βροτοί,
864 3102 898 3150 88
917 3098 1001 3150 ἄστεά
1025 3117 1054 3150 τε
1071 3097 1236 3167 προτέροισι,
1254 3101 1331 3150 XVII
1350 3101 1383 3150 76
1401 3099 1497 3156 πολλᾶς
1522 3095 1553 3147 δὲ

207 3187 323 3257 κρατέει,
351 3192 384 3240 84
407 3186 481 3239 δοιαὶ
513 3186 543 3238 δέ
570 3187 686 3255 τριάδες,
714 3190 763 3241 121
793 3191 894 3254 μοῦνος
915 3184 946 3236 δὲ
972 3186 1121 3254 προτέρων,
1150 3191 1200 3239 132
1228 3183 1277 3246 οὓς
1303 3185 1393 3239 τέκετο
1420 3184 1550 3252 κρείουσα,

206 3275 284 3326 XXII
301 3279 334 3327 27
354 3271 371 3341 ἡ
389 3271 439 3341 μὲν
456 3273 510 3342 ἄρα
528 3279 716 3342 προφυγοῦσα,
743 3277 775 3325 41
795 3273 890 3324 isonat
910 3290 939 3324 τε
957 3273 1093 3325 πλάτανοί
1111 3291 1149 3341 τε,
1176 3277 1210 3327 98
1237 3272 1301 3341 ἔστη
1319 3272 1349 3326 δὲ
1367 3275 1486 3340 πληγαῖς,
1502 3276 1551 3323 120

207 3358 263 3412 ἀπὸ
289 3359 431 3428 προβολῆς,
457 3363 505 3412 131
533 3355 565 3410 τὸ
592 3358 642 3426 μὲν
669 3359 723 3427 ἄρα
741 3358 864 3427 κρατέων
881 3377 940 3427 περ,
966 3363 1014 3411 148
1037 3358 1105 3412 πολὺ
1123 3359 1274 3429 προτέροις,
1293 3363 1342 3412 198
1361 3356 1377 3410 ὁ
1395 3357 1426 3410 δὲ
1442 3358 1551 3426 πληγείς,

207 3452 258 3500 213
276 3445 356 3498 αὐτοί
381 3463 410 3498 τε
437 3445 588 3513 κρατέοντε,
615 3447 703 3497 XXIV
723 3450 737 3497 7
756 3442 808 3512 έμὰ
835 3445 948 3514 βρέφεα,
970 3449 1003 3498 15
1021 3441 1066 3497 ἐπὶ
1085 3448 1197 3514 πλατύν,
1215 3451 1248 3499 50
1266 3446 1382 3499 ἄνστατε
1400 3446 1494 3514 δμῶες,
1519 3449 1550 3497 52

207 3533 234 3586 οἱ
256 3535 280 3586 δ’
290 3526 361 3600 αἶψα
384 3533 556 3601 προγένοντο,
587 3538 637 3585 125
656 3534 770 3601 δούρατι
798 3533 829 3584 δὲ
856 3532 1021 3603 προβολαίῳ,
1052 3539 1102 3587 137
1129 3536 1241 3587 δεῖπνον
1265 3534 1296 3585 δὲ
1322 3534 1397 3602 κρέα,
1423 3535 1494 3585 XXV
1519 3537 1550 3584 20

208 3617 257 3674 ὅθι
279 3621 462 3689 πλατάνιστοι,
490 3625 540 3673 123
568 3618 622 3672 αἰεὶ
645 3621 675 3672 δὲ
697 3621 815 3688 πλέονες,
845 3625 894 3673 138
918 3626 975 3673 τῶν
996 3622 1046 3689 μέν
1067 3640 1097 3674 τε
1119 3622 1296 3690 προφέρεσκε,
1318 3625 1366 3674 159
1386 3626 1419 3690 τῇ
1437 3639 1481 3688 μιν
1499 3619 1550 3688 ἄρα

207 3707 359 3777 προσέειπε,
378 3714 428 3761 226
440 3707 545 3776 στήθεά
558 3726 595 3776 τε,
613 3709 718 3778 γλώσσῃ
731 3708 770 3776 δέ,
783 3713 834 3760 239
847 3706 902 3760 ἀλλ’
912 3706 991 3761 ἔπεσε
1008 3711 1181 3779 προπάροιθε
1200 3714 1264 3779 (quo
1288 3711 1347 3763 loco
1366 3727 1383 3761 ν
1400 3711 1550 3775 paragogica

207 3802 296 3864 potest
311 3795 413 3866 inseri),
444 3799 556 3862 epigr.I
583 3801 596 3847 1
621 3794 654 3846 τὰ
679 3794 840 3864 δροσόεντα,
871 3797 900 3863 d)
924 3798 1017 3848 XXIII
1044 3801 1078 3850 30
1100 3793 1132 3848 τὸ
1159 3797 1259 3865 κρίνον,
1282 3802 1316 3850 59
1339 3793 1394 3848 άπὸ
1420 3794 1548 3863 κρηπῖδος,

208 3882 310 3936 XXVII
327 3886 361 3934 49
380 3885 452 3948 μᾶλα
469 3880 517 3934 rad
536 3883 678 3951 πράτιστα.
698 3913 729 3922 -
750 3887 774 3934 3.
792 3886 821 3934 in
840 3885 893 3936 arsi
911 3887 1001 3936 tertia:
1021 3888 1048 3950 a)
1067 3885 1109 3936 III
1128 3887 1160 3934 16
1179 3878 1302 3950 ἐθήλαζε,
1319 3883 1424 3952 δρυμῷ,
1442 3885 1501 3934 VIII
1517 3885 1547 3935 54

208 3970 300 4037 (pent.)
317 3966 386 4036 μηδὲ
404 3966 521 4036 πρόσθε,
549 3972 624 4021 Xer
649 3964 719 4022 ὅσσα
740 3971 873 4037 Κροῖσον;
904 3971 930 4036 d)
948 3988 973 4021 v.
992 3971 1043 4020 XV
1070 3973 1118 4021 101
1142 3970 1221 4020 lectio
1249 3970 1357 4036 quidem
1383 3971 1489 4036 vulgata
1512 3977 1548 4022 est

207 4055 323 4125 Ἔρυκα,
344 4061 435 4125 χρυσῶ
456 4095 462 4109 ,
481 4094 488 4110 .
508 4096 529 4124 .,
553 4058 601 4109 sed
618 4064 688 4108 recte
710 4075 740 4108 se
762 4059 860 4108 habere
878 4060 982 4109 videtur
1006 4060 1136 4124 scriptura
1158 4058 1279 4109 codicum
1301 4064 1381 4109 uotae
1400 4060 1506 4125 optimae
1522 4058 1548 4124 (k
1617 4092 1618 4099 ι

209 4147 279 4213 eth)
302 4143 427 4213 Ἐρόκαν,
450 4161 529 4210 quam
547 4145 651 4210 Ziegler
667 4145 828 4196 Abrensium
845 4147 885 4210 (in
904 4146 966 4196 edit.
985 4145 1018 4215 I.)
1038 4151 1145 4197 secutus
1167 4148 1274 4212 recepit,
1303 4146 1335 4197 ct.
1355 4162 1424 4213 quae
1441 4148 1547 4212 exposuit
1617 4190 1618 4253 ρ

208 4233 346 4284 Fritzscbe
364 4233 398 4283 ad
416 4233 442 4282 h.
463 4249 495 4296 ν,
519 4233 610 4282 XVIII
629 4235 661 4283 52
682 4227 749 4292 Ζεὺς
767 4231 806 4299 δέ,
824 4231 976 4300 Κρονίδας,
999 4234 1108 4297 c)XIII
1125 4236 1141 4284 3
1159 4230 1227 4284 καλὰ
1238 4229 1361 4300 πράτοις,
1379 4234 1444 4284 XVI
1459 4237 1489 4284 23
1504 4231 1547 4302 οὐχ
1617 4256 1618 4291 t

209 4315 258 4370 ἅδε
269 4319 397 4386 πλούτου,
416 4322 449 4370 65
462 4315 517 4370 αἰεὶ
534 4315 564 4369 δὲ
582 4315 714 4386 πλεόνων,
727 4322 761 4370 68
772 4313 843 4371 ότινι
859 4321 982 4386 θνατῶν,
1000 4321 1078 4370 XXII
1090 4323 1140 4371 211
1154 4317 1240 4371 αὐτὸν
1257 4317 1287 4370 δὲ
1306 4317 1422 4388 φλογέφ,
1439 4320 1544 4371 XXIVI
1617 4297 1618 4320 δ

208 4404 313 4473 βρέφεα
340 4403 476 4474 γλυκερόν,
502 4407 576 4457 XXV
598 4409 649 4457 236
673 4399 690 4457 ὅ
711 4423 758 4473 μοι
783 4403 798 4457 ὁ
820 4406 893 4475 πρί.
929 4437 963 4446 -
997 4412 1023 4460 4.
1045 4409 1074 4457 in
1096 4409 1150 4460 arsi
1173 4413 1280 4475 quarta:
1306 4410 1336 4472 a)
1363 4409 1377 4459 1
1404 4410 1438 4458 20
1453 4400 1493 4458 tut
1518 4405 1546 4460 τὸ
1617 4444 1618 4465 ;

208 4492 291 4545 πλέον
322 4497 356 4544 24
386 4492 450 4544 ποτὶ
467 4491 581 4562 Χρόμιν,
601 4497 633 4544 28
652 4489 692 4544 ἔτι
721 4494 881 4561 γλνφάνοιο,
904 4498 937 4546 60
959 4492 1032 4562 μάλα
1054 4493 1198 4563 πρόφρων,
1222 4499 1270 4548 101
1293 4493 1388 4564 Κύπρι
1408 4495 1546 4564 θνατοῖσιν,
1617 4500 1618 4529 ³
