3300 5059
128 432 217 492 metri
239 431 291 493 vel
312 433 414 513 potius
441 431 577 514 rhythmi
603 434 699 517 formo
721 434 847 493 invente.
878 433 938 493 iam
960 435 1056 493 omnis
1081 434 1235 495 evanescit
1264 432 1425 493 difficultas
1453 443 1483 494 ct

133 538 354 598 demonstretur
390 538 500 598 ersim
537 538 573 597 in
610 546 846 600 tetrasemom
885 538 1152 619 longitudinem
1190 546 1412 620 contractem
1445 540 1481 598 in

129 620 345 703 versibns
335 644 469 703 ionicis
496 623 685 703 statuendam
713 663 788 719 esse,
819 663 977 736 quaeres,
1011 643 1180 704 nisihuius
1203 644 1407 723 responsionis
1430 664 1481 705 ex-

131 761 230 814 tarent
252 752 393 834 exemplo
415 754 580 814 certissima
601 752 686 814 velut
707 754 766 814 hoc
789 754 940 829 Electrae,
966 753 1049 813 haud
1078 752 1205 834 perinde
1232 753 1313 813 omni
1340 759 1481 865 exempto

131 865 209 918 esset
231 856 429 918 dubitatione.

215 962 353 1022 Alterum
375 959 464 1023 huius
486 963 691 1044 responsionis
714 964 918 1044 exemplum
910 984 941 1022 1n
964 961 1070 1023 eadem
1093 962 1247 1042 stropho
1239 962 1356 1022 mveni:

218 1066 268 1127 El.
295 1065 541 1127 1069=1081=

172 1180 223 1233 str.
248 1170 406 1256 ἀχόρευτα
429 1172 561 1257 φέρουσ
586 1171 695 1255 ὀνείδη
908 1214 924 1233 ο
935 1212 965 1256 ι,
979 1205 1029 1247 mn
1050 1212 1094 1253 c..
1105 1204 1109 1256 Ι
1119 1202 1146 1233 r
1158 1213 1174 1235 ι
1186 1226 1211 1234 -
1226 1227 1252 1236 -

161 1285 221 1336 ant.
244 1268 358 1351 τίςᾶν
381 1272 442 1340 οὖν
464 1280 618 1366 εὔπατρις
641 1275 705 1341 ὧδε
726 1278 923 1361 βλάστοι.
907 1308 1002 1356 w-'l-
1053 1310 1177 1363 υο.Ιο
1189 1331 1215 1340 -
1229 1332 1255 1339 -
1492 1355 1513 1361 Ι,

128 1404 160 1443 v.
185 1384 268 1443 1081
302 1377 363 1446 οὖν
397 1382 647 1458 coniunctionem,
683 1404 744 1463 quo
773 1384 831 1443 hoc
863 1382 928 1444 loco
960 1383 1036 1443 nihil
1067 1384 1167 1498 aptius
1190 1393 1244 1458 est,
1278 1402 1381 1444 omnes
1413 1401 1480 1441 cum

132 1486 280 1547 Triclinio
304 1488 466 1547 eiecerunt.

215 1593 266 1653 Ex
280 1592 462 1675 Aeschyli
485 1612 604 1673 qnoque
626 1593 791 1672 tragoediis
814 1612 907 1652 unum
929 1591 1023 1673 idque
1045 1592 1241 1653 certissimum
1257 1612 1364 1654 versus
1387 1594 1479 1655 ionici

126 1699 238 1777 integri
261 1700 483 1779 anapaestique
505 1694 660 1758 hexasemi
679 1698 904 1778 responsionem
919 1698 1079 1778 proferam,
1104 1697 1170 1757 dico
1187 1697 1302 1780 Suppl.
1313 1700 1396 1759 1029
1412 1718 1478 1779 sqq.

126 1830 169 1855 =
188 1806 271 1865 1037
287 1822 368 1884 sqq,
395 1802 600 1883 antistrophae
619 1822 735 1879 versus,
759 1824 835 1884 quos
860 1823 948 1864 nemo
970 1804 1140 1892 temptavit,
1165 1804 1290 1882 integris
1310 1802 1479 1879 procedunt

126 1908 250 1969 ionicis.

213 2013 380 2096 ποταμοὺς
402 2013 430 2076 δ’
447 2015 481 2077 οἲ
502 2012 556 2075 διὰ
577 2013 685 2097 χώρας
929 2045 1062 2095 ..-υυΙ
1074 2044 1151 2096 --q

212 2117 353 2200 θελεμὸν
373 2125 470 2200 πῶμα
491 2117 623 2197 χέουσιν
644 2052 928 2284 antorsum:
865 2149 947 2179 oca.
962 2170 984 2179 -
997 2150 1001 2203 Ι
1016 2146 1201 2199 ιτα-ΙΝ
1214 2148 1238 2180 r
1253 2173 1279 2181 -
1330 2122 1333 2127 ’

178 2226 361 2307 λιπαροῖς
381 2223 517 2305 χεύμασι
538 2221 633 2305 γαίας
921 2255 1060 2308 --υοΙ
1072 2256 1149 2309 --Ι

214 2328 289 2392 τόδε
310 2329 528 2410 μειλίσσοντες
550 2323 661 2404 οὖδας.
867 2367 883 2389 υ
894 2366 911 2390 υ
927 2358 949 2390 ι
960 2380 986 2389 -
998 2361 1002 2409 Ι
1013 2356 1063 2391 αι
1075 2381 1100 2390 -
1113 2367 1130 2391 ι
1144 2358 1149 2415 Ι

128 2455 145 2495 e
170 2433 323 2516 strophae,
348 2434 467 2513 qualem
490 2432 615 2494 exhibet
628 2432 792 2510 Mediocris,
815 2433 916 2496 verbis
938 2434 1049 2495 frustra
1068 2432 1212 2497 idoneum
1229 2435 1331 2497 elicias
1347 2454 1479 2495 sensum:

213 2541 261 2603 ίτε
281 2538 348 2621 μὰν
370 2536 593 2614 ἀστυάνακτας
612 2539 784 2624 [μάκαρας
804 2539 907 2615 θεοὺς
927 2540 1105 2622 γανάοντες
1127 2542 1323 2621 πολιούχους

212 2664 247 2708 τε
270 2645 325 2707 καί
348 2645 388 2709 οἳ
407 2646 496 2728 χεῦμ’
525 2646 699 2728 Ἐρασίνου
718 2642 724 2728 Ι
743 2644 925 2729 περιναίετε
946 2638 1095 2707 παλαιόν.

126 2770 227 2834 neque
250 2759 379 2812 metrum
395 2750 496 2830 quarti
513 2769 618 2809 versus
635 2749 782 2830 strophici
801 2749 882 2809 idem
899 2757 945 2809 est
961 2759 1052 2829 atque
1068 2751 1100 2809 in
1116 2750 1313 2831 antistropha.
1339 2753 1480 2835 quocirca
1497 2827 1499 2833 Ι

128 2877 197 2917 cum
217 2876 316 2935 neque
333 2856 428 2915 verba
443 2854 597 2935 strophica
611 2862 716 2934 aptum
729 2853 897 2935 proebeant
912 2874 1042 2929 sensum,
1061 2863 1091 2915 et
1105 2855 1185 2915 inter
1199 2863 1296 2916 metra
1310 2855 1479 2917 intercedat

133 2961 337 3043 discrepantia
360 2959 466 3041 (habes
488 2960 521 3019 in
543 2960 685 3039 strophae
706 2980 736 3019 v.
757 2963 778 3021 4
799 2958 857 3019 hoe
880 2958 1013 3020 scheme:
1037 2957 1266 3043 tumst),
1294 2968 1346 3020 tuo
1370 2961 1436 3045 iure
1461 2982 1478 3022 e

128 3067 301 3129 coniectura
315 3066 444 3127 salutem
458 3075 557 3147 petas.
575 3063 716 3144 equidem
730 3064 834 3124 mendi
849 3064 950 3125 sedem
965 3065 997 3123 in
1007 3064 1117 3124 vocula
1133 3065 1167 3128 οἳ
1180 3066 1279 3124 inesse
1291 3073 1364 3145 puto
1379 3084 1418 3124 ex
1438 3063 1478 3129 οὗ

129 3156 278 3252 corrupta,
303 3172 383 3253 quod
399 3170 586 3250 Aeschylum
609 3170 668 3231 hoc
689 3170 756 3231 loco
780 3170 937 3251 scripsisse
952 3168 1028 3229 mihi
1044 3168 1164 3249 quidem
1181 3169 1249 3229 lnce
1265 3164 1476 3251 esc'clarius'1).

126 3278 185 3338 hac
205 3278 299 3358 igitur
320 3276 480 3338 verborum
503 3276 725 3353 constructione
748 3275 877 3356 proheta
904 3278 951 3339 ἴτε
971 3295 1006 3339 τε
1028 3274 1083 3338 καί
1104 3274 1294 3359 περιναίετε,
1326 3272 1366 3338 οὖ
1389 3278 1481 3357 χεῦμ’·
1561 3287 1563 3292 ’

132 3386 306 3466 Ἐρασίνου
320 3382 458 3445 παλαιόν
475 3378 589 3466 (ἐστιν)
605 3382 705 3441 locum
722 3383 771 3468 ita
785 3382 982 3463 interpretor:
1007 3381 1165 3455 ,Kommet
1187 3401 1249 3440 nun
1271 3378 1412 3461 proisend
1429 3381 1478 3441 die

124 3488 244 3567 seligen
268 3486 388 3565 Gtittsr,
421 3486 475 3545 der
507 3485 593 3546 stadt
622 3487 732 3560 Hiiter,
765 3485 819 3547 der
851 3486 935 3566 Burg
962 3486 1123 3561 Wtchters
1148 3485 1210 3546 und
1232 3486 1365 3547 .wohnet
1396 3488 1478 3567 rings

125 3592 241 3667 herum,
265 3604 312 3652 'wo
335 3591 389 3652 des
404 3590 551 3671 Erasinus
575 3591 636 3650 alte
651 3591 725 3650 Flut
743 3588 878 3666 strtmt’3
901 3593 939 3652 c'f.
951 3612 981 3653 v.
993 3594 1053 3651 981
1067 3600 1127 3654 τοῦ
1142 3591 1205 3675 γὰρ
1216 3639 1223 3655 .
1235 3639 1243 3654 .
1253 3598 1355 3674 μῆτις,
1379 3592 1478 3656 ὅπου

122 3696 182 3781 χρὴ
205 3696 338 3780 δώματα
360 3696 489 3759 ναίειν
511 3695 566 3759 καὶ
587 3697 688 3771 τόπος
710 3699 855 3781 εὔφρων,
877 3697 1044 3757 nbi·simili
1066 3697 1154 3757 modo
1174 3694 1262 3759 ἐστίν
1276 3697 1478 3778 supplendum

124 3811 181 3877 est,
204 3811 297 3883 etque
320 3802 398 3864 adde
413 3805 502 3862 Eum.
521 3805 561 3863 22
578 3822 635 3882 sq,
654 3803 715 3861 186
732 3823 800 3882 sqq.
817 3823 886 3863 cum
907 3803 1001 3882 igitur
1023 3801 1082 3863 hoc
1105 3800 1192 3863 modo
1213 3792 1398 3863 omnissiue
1412 3803 1477 3863 ulla

125 3907 240 3968 offensa
255 3907 404 3987 legantur,
421 3909 481 3969 iem
497 3928 614 3968 mecum
625 3907 923 3991 τοτευεπεριναίετε
933 3908 1073 3971 παλαιόν
1087 3908 1476 3968 hencoonstitussformem
1506 3897 1508 3901 ¹

123 4027 247 4093 necesse
264 4021 323 4073 est:
340 4052 379 4073 oo
389 4045 441 4074 ω
455 4043 580 4097 μοι-ο,
598 4033 726 4093 quacum
742 4013 883 4073 convenit
898 4012 973 4075 τόδε
988 4013 1205 4095 μειλίσσοντες
1220 4006 1321 4087 οὖδας
1333 4050 1349 4072 c
1360 4051 1377 4073 ο
1388 4040 1414 4070 n
1429 4066 1451 4073 -
1468 4043 1472 4096 Ι

121 4171 148 4180 ..
160 4157 178 4181 ο
189 4171 214 4180 -
227 4156 255 4184 ο.
269 4118 330 4178 ism
344 4118 422 4178 nihil
437 4126 552 4179 restare
568 4120 697 4200 videtur,
721 4118 782 4179 nisi
795 4127 831 4179 ut
846 4119 974 4178 eliorum
990 4119 1175 4179 coniecturas
1190 4118 1351 4198 proferam.
1368 4116 1473 4177 Herm.

120 4224 242 4305 scripsit
251 4223 476 4307 περιναίονται
486 4224 570 4285 cuius
578 4225 671 4285 medii
681 4226 795 4285 formae
804 4224 922 4285 nullum
934 4232 1017 4285 extet
1027 4223 1208 4303 exemplum,
1221 4241 1280 4302 qua
1292 4241 1324 4281 re
1333 4223 1474 4305 περιναί-

209 4359 231 4433 1)
248 4361 417 4428 Diphthongi
440 4377 468 4414 οι
491 4335 518 4416 et
541 4379 576 4415 ον
593 4365 622 4413 in
639 4362 710 4414 uso.
730 4347 889 4430 saepissime
909 4363 1037 4415 confusas
1056 4368 1135 4425 sont;
1158 4358 1191 4410 cl.
1212 4360 1301 4412 Ptom.
1321 4362 1371 4411 665
1391 4352 1474 4427 (ὅπου

119 4448 243 4501 Ellendtr
262 4441 326 4500 ὅποι
338 4450 395 4516 lt),
414 4452 480 4502 1093
493 4450 554 4519 (τοι
564 4466 631 4503 τινα
649 4465 704 4502 πον
716 4448 774 4519 Μ.),
792 4450 866 4502 Pers.
880 4451 930 4503 636
946 4450 1010 4516 (μου
1023 4464 1108 4501 rece:
1125 4462 1173 4515 μοι
1185 4447 1241 4516 Μ.),
1260 4448 1311 4499 967
1324 4441 1473 4515 (ἐκπεύθου

119 4550 200 4589 roco:
219 4528 352 4588 tasson
367 4535 426 4604 ιι),
443 4536 536 4606 suppl.
555 4540 616 4603 483,
635 4540 694 4601 oso,
714 4538 779 4591 cho.
799 4538 841 4602 so,
861 4540 919 4601 412,
939 4538 1000 4601 soe,
1019 4539 1078 4599 τοο,
1097 4538 1156 4599 ειν,
1177 4537 1254 4589 sum.
1275 4538 1335 4600 ιιι,
1355 4536 1414 4587 ees.
