3300 5059
185 201 245 261 132

181 394 246 453 sive
276 393 368 475 plene
400 402 551 453 servatum
586 414 697 455 sumas.
728 414 848 455 versum
880 389 982 475 igitur
1006 398 1113 457 talem:
1149 398 1310 475 ,Unbolde
1346 397 1535 480 trtibsinn’ge

180 498 403 573 Ktimmernis',
418 517 507 579 quem
524 499 640 559 metrici
657 497 792 581 syllabas
807 509 1001 562 numerantes
1015 502 1048 562 in
1063 501 1256 566 bacchiorum
1271 505 1339 565 loco
1354 514 1532 586 posuerunt,

180 600 261 663 idem
285 604 388 693 valere
420 605 527 665 statuit
559 625 595 666 ac
616 624 737 667 versum
770 604 954 666 trochaicum
985 606 1086 687 priore
1118 612 1274 691 utriusque
1295 610 1384 691 pedis
1408 608 1533 669 dimidia

147 796 151 802 .
177 716 265 791 perte
295 708 339 793 ¹iu
379 710 533 771 trisemam
574 710 815 789 magnitudinem
848 710 1006 792 producta,
1043 732 1078 773 ac
1112 715 1139 774 si
1172 716 1339 791 ,namloser
1376 713 1531 776 Schmera'

179 874 209 979 d·
230 866 299 985 dol
348 874 438 1005 dpro
470 920 669 997 ,nemenloser
692 920 850 983 Schmerr'
880 876 902 983 d
915 869 951 983 d
966 878 987 983 d
1000 869 1036 983 sl
1055 831 1105 1001 ld
1143 926 1388 1007 pronuntiaretur
1416 925 1533 1004 (Ueber

177 1028 237 1092 Rb.
260 1049 290 1089 u.
314 1027 354 1087 Μ.
379 1049 410 1113 p.
436 1027 498 1101 22).

219 1162 220 1169 κ
265 1132 346 1209 Quid
368 1151 441 1191 vcro
473 1130 609 1191 adhaec
631 1131 799 1209 Hermann,
834 1134 936 1205 ‚liberi
969 1134 1023 1195 ille
1053 1134 1194 1196 laudator
1222 1135 1317 1195 oris’?
1345 1136 1371 1195 is
1394 1136 1475 1194 enim
1499 1136 1532 1193 in

176 1240 292 1320 primis,
325 1236 397 1317 quid
426 1235 463 1296 de
489 1236 537 1296 bis
559 1236 691 1301 inuentis
715 1238 871 1317 cogitaret,
895 1238 1030 1300 indicare
1053 1240 1191 1315 debebat,
1225 1240 1473 1321 quandoquidem
1497 1241 1530 1299 in

177 1365 246 1405 eum
268 1342 456 1425 potissimum
483 1343 621 1403 invectus
653 1349 716 1402 erat
738 1342 830 1423 Apel,
864 1345 947 1404 cuius
978 1345 1115 1406 doctrina
1146 1345 1350 1407 demonstrata
1381 1352 1529 1423 extraque

178 1448 396 1508 dubitationem
426 1447 535 1527 posita,
570 1445 652 1507 illius
685 1448 771 1522 ratio,
806 1468 866 1530 qua
888 1448 1021 1510 Graecos
1047 1450 1079 1511 in
1103 1451 1237 1512 canendo
1260 1449 1373 1511 eisdem
1396 1450 1530 1508 numeris

176 1574 244 1614 usos
275 1572 341 1614 esse
373 1551 545 1628 docebatur,
578 1552 685 1631 quibus
720 1553 752 1612 in
783 1552 938 1613 recitando
967 1588 1009 1599 -
1041 1575 1092 1615 eos
1125 1554 1191 1615 dico
1224 1576 1298 1635 quos
1332 1574 1438 1616 versus
1469 1554 1529 1633 ipsi

176 1659 369 1718 ostenderent
391 1692 434 1703 --
456 1656 614 1717 concidere
644 1656 782 1721 debebat.
812 1658 873 1717 iam
895 1658 1011 1741 videas,
1039 1681 1097 1740 quo
1126 1659 1215 1720 modo
1239 1680 1271 1720 se
1294 1668 1390 1741 gerat.
1422 1657 1528 1738 Apelii

176 1763 270 1842 igitur
292 1762 542 1837 dissertationem,
575 1771 693 1822 acutam
721 1763 795 1843 quin
817 1762 907 1839 dicat,
939 1766 1040 1824 lacere
1062 1786 1123 1824 non
1146 1771 1255 1844 potest.
1288 1773 1403 1823 tantum
1427 1771 1528 1823 autem

175 1868 268 1948 abest,
302 1877 337 1927 ut
360 1869 387 1928 ei
413 1866 623 1946 adstipuletur,
648 1875 682 1927 nt
712 1867 881 1928 rationibus
913 1868 950 1928 ab
978 1870 1033 1930 illo
1059 1869 1194 1949 probatis
1216 1890 1248 1929 se
1271 1868 1417 1929 adsentiri
1440 1888 1529 1947 posse

174 1981 278 2057 negot.¹
306 1972 399 2051 digna
430 1992 502 2031 sane
531 1992 608 2052 quae
635 1970 797 2032 audiantur
819 1972 988 2033 Hermsuni
1012 1974 1105 2034 verba
1133 1973 1202 2054 plns
1225 1994 1286 2033 uno
1309 1974 1431 2033 nomine
1453 1973 1529 2031 mibi

174 2077 326 2137 videntur:
344 2078 457 2157 quippe
469 2076 549 2157 quod
562 2096 716 2136 censuram
728 2076 811 2136 illam
822 2078 854 2137 in
865 2077 1109 2157 ephemeridibus
1119 2077 1210 2137 bodie
1220 2078 1273 2136 vix
1283 2075 1368 2137 lectis
1377 2077 1528 2158 sepultam

173 2184 284 2241 frustra
306 2181 338 2240 iu
361 2182 573 2261 opusculorum
589 2182 667 2241 serie
683 2201 820 2262 quaeras,
831 2180 867 2264 ¹),
885 2181 994 2242 deinde
1011 2183 1101 2264 quod,
1119 2189 1265 2262 quantum
1289 2202 1346 2260 ego
1368 2182 1471 2256 sciam,
1495 2183 1527 2241 in

172 2286 258 2346 libris
281 2284 476 2366 amplioribus
501 2284 538 2343 de
554 2305 586 2345 ra
604 2287 727 2345 metrica
751 2287 870 2366 scriptis
892 2308 932 2347 ne
953 2308 1015 2347 uno
1038 2286 1160 2367 quidem
1182 2285 1275 2346 verbo
1292 2285 1396 2366 Apelii
1419 2288 1527 2347 iniecit

172 2392 354 2451 mentionem
386 2386 588 2473 Hermann32)
622 2389 752 2469 denique
794 2391 953 2470 intelleges
994 2392 1133 2473 exemplo
1170 2391 1327 2452 manifesto
1361 2410 1400 2450 na
1438 2412 1526 2471 saga·

173 2496 323 2556 tissimum
346 2493 468 2574 quidem
489 2514 588 2555 errore
604 2516 663 2555 uon
680 2495 839 2575 implicari,
863 2495 889 2554 si
911 2495 1033 2575 quidem
1057 2518 1090 2570 ,a
1104 2496 1222 2575 priori’,
1239 2506 1273 2555 ut
1289 2496 1382 2570 aiunt,
1400 2496 1527 2556 alterius

173 2601 336 2661 sententias
359 2599 471 2659 reicere
487 2619 577 2679 quam
592 2600 776 2678 argumentis
797 2608 868 2679 apte
884 2601 996 2675 accitis,
1021 2599 1095 2681 quid
1119 2620 1223 2661 verum
1247 2601 1296 2677 sit,
1320 2599 1394 2681 qnid
1415 2600 1526 2660 falsum

172 2705 260 2765 malit
275 2705 457 2767 examinare.
475 2725 513 2763 en
529 2702 622 2765 habes
639 2702 1098 2765 Hermauui'ratiocinationem:
1123 2706 1199 2785 ,Die
1210 2704 1411 2783 Anwendung
1426 2705 1526 2764 dieser

173 2810 305 2870 Theorie
328 2811 383 2869 auf
401 2807 451 2868 die
467 2809 562 2869 Varse
586 2808 639 2868 der
655 2808 747 2868 Alten
772 2830 853 2869 muas
876 2809 925 2869 ich
948 2811 1108 2870 verbittcn.
1127 2811 1217 2869 Denn
1240 2809 1291 2869 bei
1313 2830 1380 2883 uns,
1404 2830 1450 2869 wo
1475 2810 1526 2869 die

173 2914 274 2994 Muails
290 2914 344 2975 auf
357 2915 446 2995 einen
462 2912 865 2994 bewunderungswiirdigen
880 2914 963 2975 Grad
979 2915 1033 2975 der
1044 2897 1326 2975 Vollkommenheit
1340 2913 1523 2993 gelsommen

172 3021 220 3096 ist,
244 3018 293 3080 die
308 3019 421 3080 Metrils
437 3020 575 3101 dagegen
591 3020 669 3080 noch
686 3027 816 3080 ttusaerst
832 3020 1071 3099 vernachlitssigt
1086 3021 1169 3098 liegt,
1187 3021 1226 3081 ist
1241 3041 1273 3081 es
1289 3019 1362 3081 bein
1374 3019 1525 3094 Wunder,

174 3196 380 3206 —·--———-——-

262 3282 281 3347 ¹)
301 3279 453 3333 Cl.·Ueber
472 3280 560 3331 Harrn
581 3281 613 3331 D.
632 3280 715 3345 Apelt
734 3279 917 3345 Abhandlung
943 3280 1010 3331 tiber
1037 3278 1190 3345 Rhytbmus
1217 3280 1274 3331 und
1302 3281 1418 3331 Mettum
1439 3280 1525 3347 ‚sug

174 3366 274 3417 Musik.
293 3364 374 3431 Ztg.’,
392 3366 439 3416 XI.
460 3366 565 3431 1808s9.
584 3382 609 3431 p.
629 3368 689 3419 289.

259 3450 281 3523 ²)
309 3452 424 3503 Occulta
442 3452 565 3519 Apelium
594 3454 708 3505 innuere
735 3452 842 3505 videtur
865 3469 911 3505 eos
937 3468 1060 3519 carpens,
1086 3454 1133 3519 qui
1155 3459 1310 3519 contemptu
1338 3458 1459 3505 veterum
1477 3455 1523 3506 vel

173 3541 285 3593 levitate
297 3542 412 3602 quadam
423 3540 497 3591 ducti
507 3541 598 3591 omnia
608 3543 684 3592 novis
693 3542 852 3591 commentis
861 3541 1019 3608 perturbent
1028 3542 1062 3607 (E
1073 3543 1097 3591 D
1108 3541 1136 3591 M
1145 3557 1170 3608 p.
1181 3540 1208 3608 b)
1218 3556 1307 3607 neque
1325 3541 1409 3593 alium
1428 3557 1523 3607 qnem-

174 3643 255 3694 quam
275 3630 327 3679 nisi
345 3627 469 3693 Apelium
486 3616 560 3677 dicit
585 3627 626 3677 bis
644 3628 744 3691 verbis,
772 3643 842 3693 quae
865 3630 893 3679 in
913 3629 1101 3680 dissertatione
1119 3629 1165 3692 ,de
1188 3634 1334 3679 metrorum
1352 3629 1524 3694 quorundam

173 3730 301 3767 mensura
328 3714 492 3780 rhythmica‘
521 3716 595 3767 edita
624 3718 693 3767 1815
721 3716 782 3781 (Op.
801 3717 837 3766 ΙΙ.
855 3732 880 3781 p.
900 3717 961 3781 105)
992 3716 1129 3782 leguntur:
1167 3718 1206 3779 ,si
1233 3718 1279 3781 qui
1302 3731 1388 3783 nuper
1414 3732 1526 3767 recen·

172 3804 324 3865 tioribus
342 3804 454 3869 magis
472 3817 565 3868 quam
580 3801 720 3853 Graecis
739 3803 867 3853 litteris
886 3804 1004 3854 imbuti
1023 3804 1179 3869 nullamque
1193 3804 1245 3853 nisi
1258 3804 1361 3867 ingenii
1373 3803 1408 3853 sd
1422 3810 1524 3869 negata

176 3892 292 3941 animosi
305 3889 412 3940 laudem
423 3894 566 3953 sectantes,
578 3906 639 3940 oum
652 3890 793 3957 aequalem
806 3890 906 3955 pedum
919 3906 1071 3941 mensuram
1083 3890 1194 3941 Graecis
1208 3891 1345 3940 vindicare
1358 3896 1523 3940 conarentur

171 3978 217 4029 vel
236 3978 315 4027 editis
334 3978 439 4043 magnis
466 3977 499 4029 de
527 3993 555 4028 re
582 3978 694 4028 metrica
711 3978 905 4040 voluminibus,
932 3977 976 4027 vel
1003 3980 1031 4028 in
1058 3978 1151 4027 diariis
1175 3977 1336 4043 quibusdam
1355 3977 1523 4027 asseclarum

172 4081 281 4116 auorum
300 4064 458 4127 rudimenta
476 4062 702 4127 commendantes,
730 4080 838 4115 omnem
866 4064 1009 4131 argutaudi
1036 4064 1274 4129 calumniandique
1301 4062 1449 4115 sollertiam
1474 4064 1521 4114 ad·

174 4153 327 4215 bibuerunt,
346 4157 386 4217 ,ut
412 4151 578 4201 audientiam
606 4150 658 4201 sibi
684 4150 782 4202 iecisse
805 4151 986 4213 crederentur,
1015 4157 1139 4202 usturam
1163 4165 1338 4201 numerorum
1355 4151 1384 4199 in
1403 4150 1520 4216 quadam

172 4240 291 4305 imagine
314 4240 494 4305 imaginisque
513 4238 632 4303 imagine
650 4240 766 4305 positam
785 4240 934 4290 ostensuri:
963 4253 1013 4289 nos
1031 4238 1141 4305 quidem
1161 4238 1221 4289 aliis
1240 4237 1423 4304 quaerendum
1441 4238 1524 4288 relin-

172 4341 294 4392 quamus,
317 4328 376 4392 quis
394 4326 532 4377 Musarum
551 4325 678 4376 sacerdos
696 4324 793 4391 pedem
811 4326 939 4377 Jonieum
957 4339 974 4375 a
992 4326 1094 4375 maiore
1112 4326 1141 4375 in
1167 4323 1274 4376 duabus
1292 4323 1406 4390 syllabis
1433 4339 1522 4375 unave

173 4412 314 4463 modulans
341 4414 462 4464 carmina
488 4429 544 4465 non
570 4414 645 4479 prius
669 4412 763 4463 audita
780 4412 931 4478 virginibus
949 4411 1093 4478 puerisque
1111 4416 1212 4471 cantet,
1235 4410 1346 4462 daturus
1364 4410 1523 4477 aquuando,

172 4503 204 4549 ut
220 4513 328 4565 sperare
346 4500 420 4566 licet,
438 4502 520 4552 etiam
538 4498 754 4565 monosyllabum
772 4514 880 4549 versum
898 4497 1060 4549 heroicum’
1363 4480 1368 4491 ’
