3300 5059
1311 312 1313 317 ,
1405 254 1507 333 3¹1.
1601 308 1603 311 ,

12 517 15 526 Ι
119 442 185 521 qui·
216 440 393 521 plerumque
442 439 557 501 mediae
599 450 629 499 et
670 444 768 499 novae
815 460 893 519 quae
931 438 1039 499 dicitur
1085 439 1252 499 Atticorum
1295 441 1466 501 comoediae
1497 494 1499 499 .

8 569 13 616 .'
118 566 150 606 se
174 546 411 626 ,adplictverint
428 564 431 570 ·
450 566 571 625 prorsus
609 531 667 605 est
692 545 801 604 aliena.
839 531 947 624 itaque·
974 546 1006 603 iu
1044 546 1218 611 universum
1255 524 1336 605 recte
1361 544 1466 607 Cicero

117 631 293 710 Africanum
307 639 391 711 ¹facit
404 631 481 710 haec
495 644 713 731 disputantem:
738 655 839 729 ‘quem
854 649 909 707 illa
926 645 1026 732 (vetus
1042 649 1207 732 comoedia)
1224 672 1283 711 non
1301 652 1401 731 attigit
1415 655 1466 712 vel

120 757 222 835 potius
245 775 335 835 quem
358 775 419 837 nou
442 754 589 814 vexavit?
612 756 661 815 cui
675 752 833 835 pepercit?
857 763 934 812 esto:
958 754 1119 834 populares
1142 756 1279 815 homines
1301 756 1465 835 improbos,

118 862 149 917 in
172 878 206 918 re
229 858 352 938 publica
373 858 541 932 seditiosos,
566 858 719 933 Cleonem,
745 850 974 935 cleophontem,
998 857 1213 937 Hyperbolum
1235 860 1335 924 laesit.
1370 864 1465 942 patia-
1506 908 1508 913 -

118 975 193 1037 mur,
219 966 274 1048 etsi
298 962 468 1023 eiusmodi
499 965 581 1022 cives
602 969 623 1021 'a
646 981 779 1022 censore·
791 960 900 1020 melius
933 969 979 1021 est
996 980 1101 1040 ,quam
1125 971 1255 1043 aposta
1278 967 1389 1025 notari:
1414 969 1466 1027 sed

117 1057 277 1141 Periclem,
311 1089 378 1127 cum
399 1070 466 1130 ,iarn
493 1085 564 1128 suae
596 1068 709 1127 civitati
733 1068 865 1125 maxima
887 1067 1064 1127 auctoritate
1090 1068 1236 1147 plurimos
1268 1090 1362 1129 annos
1386 1071 1465 1134 domi
1538 1068 1539 1073 '

118 1183 148 1232 ct
170 1173 245 1239 belli
268 1168 458 1257 praefuisset,
483 1172 592 1231 violari
614 1171 752 1231 versibus
777 1177 813 1229 et'
831 1171 978 1247 exagitari
1001 1172 1033 1230 in
1057 1192 1166 1231 scaena
1189 1194 1247 1231 non
1270 1175 1339 1255 plus
1364 1176 1466 1238 decuit

117 1267 208 1357 quarn
231 1280 257 1337 si
278 1278 407 1337 Plautus
430 1286 532 1338 noster
563 1277 709 1337 voluisset
741 1284 792 1335 aut
814 1276 951 1335 Naevius
974 1275 1084 1335 Publio
1115 1286 1145 1335 et
1168 1276 1222 1336 Cn.
1249 1276 1384 1360 Scipioni·
1413 1293 1467 1355 aut
1538 1279 1540 1281 ’

7 1456 9 1459 ¹
102 1367 268 1443 Caecilius
283 1384 386 1443 Marco
403 1380 511 1441 Catoni
533 1381 735 1443 maledicere.¹
759 1381 835 1440 haec
856 1390 976 1439 servata
999 1390 1068 1441 sunt
1091 1381 1129 1441 ab
1154 1382 1323 1461 Augustino
1347 1384 1384 1445 de
1408 1390 1464 1449 civ.

101 1465 220 1546 'dein
243 1491 272 1559 9,
297 1489 349 1567 qui
372 1486 568 1547 haecadditt
603 1486 687 1545 ‘dicit
711 1485 821 1546 deinde
856 1486 917 1544 alia
946 1488 1042 1546 etsie
1066 1486 1218 1545 concludit
1248 1488 1329 1547 hunc
1357 1490 1465 1565 locum,
1520 1518 1522 1523 ·

117 1601 149 1650 ut
169 1574 310 1652 'ostendat
332 1591 485 1651 veteribus
508 1591 698 1672 displicuisse
720 1590 865 1649 Romanis
888 1590 940 1649 vel
961 1589 1079 1649 laudari
1101 1612 1285 1671 quemquam
1308 1596 1338 1677 in
1356 1615 1466 1655 scaena

116 1698 221 1755 vivum
243 1696 406 1771 hominem,
424 1696 474 1755 vel
490 1697 678 1775 vituperari]
702 1714 884 1774 quemquern
900 1702 1064 1753 stamamus
1080 1714 1203 1755 necesse
1227 1709 1272 1756 est
1288 1695 1464 1759 Ciceronem

116 1823 177 1861 nen
210 1803 282 1862 satis
314 1809 453 1861 accurate
483 1802 559 1860 haec
590 1801 775 1881 exposuisse,
809 1820 877 1859 cum
899 1794 1048 1859 Naevium
1067 1781 1210 1859 ‘sciamus
1244 1801 1282 1860 ob
1315 1803 1465 1863 assiduam

118 1905 361 1989 maledicentiam
384 1914 414 1965 et
436 1905 545 1985 probra
577 1905 608 1964 in
639 1906 785 1985 primores
809 1904 941 1964 civitatis
968 1900 1069 1987 (Call.
1092 1904 1143 1963 111
1166 1907 1195 1977 3,
1223 1884 1340 1976 153'ef.
1364 1909 1464 1971 Plaut.

116 2012 180 2073 Mil.
206 2010 289 2070 Glor.
312 2011 346 2069 ll
379 2014 408 2084 ⁶2,
432 2012 473 2068 57
494 2006 556 2092 sq.)
587 2010 619 2069 in
650 2008 774 2069 vincula
805 2028 870 2068 esse
899 2010 1080 2091 coniectum,
1122 2009 1252 2089 denique
1284 2014 1382 2091 patria
1415 2035 1465 2074 ex—

116 2115 249 2196 pulsum.
272 2116 373 2195 potuit
396 2135 467 2173 sane
491 2134 557 2173 earn
581 2134 643 2173 rem
667 2111 774 2171 Cicero
797 2114 947 2190 attingere
969 2114 1000 2174 in
1024 2116 1076 2186 eis,
1094 2116 1408 2194 quae-sequebantur,
1433 2130 1465 2180 et

118 2241 165 2283 eo,
177 2222 253 2301 ipso,
270 2219 351 2296 quod
368 2221 521 2299 principes
537 2220 669 2278 civitatis
684 2227 770 2277 tanta
786 2219 947 2303 severitate
964 2220 996 2277 in
1011 2219 1163 2277 Naevium
1179 2214 1464 2299 animadverterunt,

117 2325 337 2385 demonstrasse
370 2325 435 2383 eius
472 2324 552 2383 modi
577 2324 747 2384 comoedias
780 2324 841 2382 illis
865 2328 986 2403 prorsus
1024 2343 1083 2381 non
1106 2324 1204 2382 fuisse·
1222 2326 1372 2404 probatas.
1412 2331 1463 2388 sed

116 2431 190 2508 quia
213 2432 243 2488 in
267 2431 378 2489 Naevii
407 2430 526 2489 fabulas
540 2427 727 2490 Ciceronem
760 2428 841 2487 haud
872 2430 915 2487 ita
946 2448 1087 2507 maguum
1118 2428 1300 2509 impendisse
1333 2433 1463 2493 studium

103 2532 242 2607 constat,
266 2536 331 2593 fieri
354 2537 446 2595 etiam
468 2536 575 2613 potuit,
600 2543 634 2595 ut
656 2534 731 2593 haec
752 2536 845 2614 plane
869 2535 1029 2593 omitteret.

126 2690 130 2698 .
219 2639 286 2699 Iam
300 2660 372 2699 vero
395 2640 539 2718 sequitur,
564 2648 598 2698 ut
620 2638 659 2697 ad
681 2638 815 2717 singulos
838 2646 1001 2718 poetasuc
1021 2640 1150 2718 primum
1167 2638 1289 2717 quidem
1304 2640 1341 2698 ud
1364 2642 1464 2702 fabu-

115 2747 233 2805 larum
257 2745 496 2823 palliatarum
523 2744 683 2822 scriptores
707 2742 892 2817 accedamus,
903 2739 925 2824 ¹)
953 2751 1043 2821 atque
1067 2763 1104 2801 ex
1127 2742 1235 2816 Livii,
1258 2744 1390 2803 Naevii
1415 2746 1463 2824 (cf.

114 2870 145 2927 p.
171 2844 258 2931 256),
282 2849 393 2907 Ennii
416 2847 578 2907 comoediis
594 2848 694 2907 nullus
717 2856 802 2906 extat
825 2846 908 2926 apud
923 2846 1099 2907 Ciceronem
1123 2846 1214 2908 locus.
1238 2848 1341 2927 itaque
1365 2852 1463 2909 statim

115 2952 153 3011 ad
170 2954 339 3013 Plautum
355 2952 429 3011 mihi
445 2953 689 3017 liceatftrnnsire.
714 2952 751 3013 de
773 2954 856 3011 cuius
881 2961 980 3012 aetate
997 2952 1069 3033 quid
1093 2954 1219 3012 senserit
1234 2950 1350 3026 Cicero,
1374 2974 1465 3034 supra

113 3058 202 3118 docui
224 3080 253 3137 p.
280 3060 351 3119 253.
384 3078 452 3116 raro
485 3067 584 3130 autem
615 3059 679 3116 eius
707 3068 827 3136 praeter
857 3057 936 3131 illus,
971 3078 1050 3137 quae
1074 3056 1112 3117 ad
1135 3066 1265 3132 aetutem
1289 3044 1463 3118 Plautinam
1635 3028 1642 3119 ,l

114 3171 262 3244 spectant,
285 3163 416 3222 rationes
440 3160 538 3246 (Brut.
565 3165 615 3234 15,
641 3164 699 3237 60;
735 3165 784 3241 18,
813 3164 869 3236 73;
902 3162 996 3225 Tusc.
1021 3163 1090 3235 Il,
1115 3164 1148 3237 33
1182 3161 1220 3221 de
1243 3182 1305 3221 sen.
1326 3166 1383 3235 -14,
1408 3162 1463 3247 49)

112 3259 167 3347 pro
190 3267 359 3327 fabularum
382 3281 506 3329 numero
528 3268 562 3327 fit
584 3270 706 3328 mentio.
739 3268 943 3347 nequeenim
966 3264 1080 3340 Cicero,
1116 3286 1296 3346 quemquam
1321 3270 1463 3327 amantis-

10 3418 15 3425 .
112 3374 204 3432 simus
228 3381 293 3431 erat
315 3374 492 3432 facetiarum
515 3373 687 3454 leporisque
711 3372 817 3432 urbani
841 3375 889 3447 (cf.
915 3372 952 3431 de
975 3392 1017 3433 or.
1041 3372 1058 3430 Ι
1081 3375 1132 3455 34,
1159 3369 1234 3454 159)
1252 3380 1298 3432 ¹et
1320 3375 1395 3451 ipse,
1430 3384 1462 3432 ut

113 3478 207 3537 Ennii
231 3485 298 3536 utar
320 3476 431 3551 verbis,
455 3477 604 3537 flammam
627 3478 747 3537 facilius
771 3499 821 3537 ore
845 3480 876 3537 in
900 3477 1025 3537 ardente
1059 3478 1242 3557 opprimeret
1270 3498 1360 3556 quam
1384 3479 1489 3540 bona⁸
1641 3462 1642 3549 l

113 3584 194 3641 dicta
225 3580 385 3665 teneret,²)
420 3582 523 3642 Plauti
560 3582 679 3642 fabulas
711 3582 831 3643 videtur
866 3584 1042 3643 contrivisse
1073 3582 1247 3662 lectitando.
1281 3603 1464 3663 quamquam
1634 3560 1642 3615 ‘l

111 3707 172 3745 non
196 3688 370 3765 negaverim
394 3707 461 3746 eum
486 3686 710 3747 adulescentem
732 3709 854 3769 operam
873 3687 1024 3768 quandam
1041 3686 1160 3747 dedisse
1176 3688 1286 3747 fabulis
1304 3691 1462 3759 Plautinis,

113 3814 151 3851 ex
175 3792 284 3870 quibus
307 3791 388 3850 haud
411 3812 524 3871 paucas
550 3794 641 3851 etiarn
657 3779 826 3853 locutiones
842 3794 872 3852 in
889 3793 1160 3872 ipsiusorationes,
1185 3794 1215 3851 in
1233 3796 1338 3873 primis
1354 3796 1384 3852 in
1402 3815 1461 3867 eus,

112 3918 188 3977 quas
211 3899 329 3956 iuvenis
356 3897 472 3971 habuit,
506 3909 642 3977 receptas
662 3918 734 3958 ⁴esse
757 3898 904 3957 videmus.
936 3898 990 3957 sed
1020 3900 1109 3959 ,annis
1142 3899 1334 3959 volventibus
1358 3897 1462 3959 Cicero

114 4005 249 4062 animum
270 4024 289 4063 a
310 4002 420 4062 Plauto
444 4005 588 4064 avertisse
604 4003 725 4062 videtur
746 4002 784 4062 ad
799 4004 987 4077 Terentium,
1012 4024 1100 4082 quern
1116 4005 1147 4063 in
1165 4002 1285 4063 comicis
1300 4006 1464 4084 praecipue
1491 3970 1519 4016 ἰ

37 4096 41 4099 ’
112 4110 274 4170 adamavit.
308 4110 363 4168 etsi
394 4110 476 4170 enim
498 4110 601 4169 Plauti
633 4129 799 4169 sermonem
833 4110 1038 4189 incorruptum
1070 4108 1210 4169 laudibus
1234 4110 1322 4168 tollet
1345 4105 1397 4193 (de
1421 4132 1461 4171 or.

221 4370 240 4432 ¹)
259 4370 301 4423 Cf.
320 4370 341 4420 1.
361 4369 502 4421 Schaeflsr
518 4369 638 4421 ‘Ciceros
657 4368 813 4419 Verhtltnls
834 4386 881 4420 aur
900 4368 1088 4420 altrtmischen
1113 4368 1274 4433 Comoedie',
1295 4370 1324 4421 B.
1345 4371 1363 4420 t.
1386 4370 1414 4421 Β.
1429 4370 1460 4420 G.

114 4461 157 4520 20,
176 4476 201 4524 p.
221 4451 348 4523 ret'sqq.

217 4542 237 4610 ²)
258 4543 299 4595 cf.
324 4544 414 4605 Quint
434 4544 514 4609 v13,
534 4546 550 4595 8
568 4560 627 4611 sqq.
