3300 5059
1407 236 1470 329 ιιι

121 450 182 491 non
206 449 272 489 esse
294 428 395 489 omnia
417 428 546 493 ridicula
568 431 678 489 faceta.
702 429 879 510 quidecim
901 437 1001 511 potest
1024 449 1089 490 esse
1111 438 1172 489 tam
1195 430 1357 490 ridiculum
1381 450 1471 511 quam

27 589 28 594 ,
120 534 275 595 sanniostl
297 554 359 616 ore,
383 535 479 610 vultu,
505 534 659 595 imitandis
681 534 825 615 moribus,
848 555 935 618 voce,
959 535 1093 616 denique
1116 555 1239 617 corpore
1263 534 1379 595 ridetur
1394 537 1470 618 ipso.

123 641 235 702 salsum
256 639 337 701 hunc
366 660 490 721 possum
524 638 624 701 dicere
656 648 749 721 atque
778 642 832 715 ita,
862 640 927 701 'non
959 648 991 700 ut
1021 640 1085 701 eius
1117 640 1199 702 modi
1233 648 1383 703 oratorem
1406 661 1472 703 esse

27 737 28 800 ξ
121 746 224 821 velim,
247 744 301 807 sed
323 754 358 805 ut
379 746 524 807 mimum?
549 765 627 826 qnae
650 766 716 806 cum
739 746 783 806 ita
804 747 874 819 sint,
897 745 1093 806 statuendum
1116 755 1162 807 est
1186 745 1363 808 Ciceronem
1386 755 1468 808 certe

121 851 238 912 nullum
260 850 395 912 studium
417 853 602 912 convertisse
625 850 664 911 ad
694 850 750 912 has
772 851 894 912 fabulas
916 852 1150 933 pernoscendae.
1190 851 1297 934 quodsi
1320 874 1363 918 or.
1387 852 1467 912 Phil.

123 957 156 1015 Π
181 956 233 1030 27,
258 957 298 1016 65
330 964 362 1015 et
393 976 448 1036 pro
480 954 565 1019 Cael.
591 958 642 1030 27,
667 957 708 1017 65
739 958 783 1016 ite
816 957 961 1038 loquitur,
994 966 1028 1018 nt
1058 957 1217 1019 mimorum
1250 958 1467 1031 oeconomiam,

125 1079 217 1141 quam
238 1058 351 1135 dicunt,
374 1058 431 1121 sibi
454 1062 548 1142 plane
569 1070 672 1122 notem
694 1062 797 1121 fuisse
822 1061 936 1123 indicet
971 1064 1021 1137 (ci.
1045 1083 1088 1123 or.
1112 1062 1193 1122 Phil.
1217 1064 1238 1122 1.
1263 1082 1288 1126 c.
1327 1068 1468 1144 ‘persona

122 1164 160 1225 de
183 1165 284 1247 mimo,
307 1164 396 1227 modo
420 1186 523 1246 egens,
555 1175 681 1247 repente
703 1166 813 1229 dives':
823 1164 848 1251 ¹)
882 1175 912 1227 et
933 1188 989 1247 pro
1011 1165 1096 1227 anl.
1120 1167 1140 1228 1.
1164 1190 1190 1233 c.
1215 1168 1306 1227 ‘mimi
1340 1178 1385 1228 est
1408 1169 1469 1227 iam

122 1270 231 1346 exitus,
254 1291 316 1331 non
337 1270 477 1334 tabulae:
511 1274 543 1333 in
567 1292 627 1354 quo
659 1292 727 1332 cum
751 1272 887 1332 clausula
918 1293 980 1333 non
1002 1273 1165 1348 invenitur,
1181 1273 1276 1353 .fugit
1299 1272 1409 1354 aliquis
1432 1293 1471 1333 ex

120 1375 271 1451 manibus,
308 1375 421 1438 deindo
441 1376 568 1439 scabilla
591 1386 783 1459 concrepant,
817 1378 959 1439 aulaeum
990 1376 1144 1459 tollitur’),
1178 1377 1346 1460 eodemque
1377 1378 1467 1439 modo

122 1484 177 1563 pr'o
199 1482 277 1549 Rab.
301 1484 383 1546 Post.
410 1483 459 1557 12,
484 1485 524 1544 35
548 1486 580 1544 iu
604 1501 707 1544 eorum
740 1485 926 1563 argumentis
958 1503 990 1544 se
1014 1483 1145 1545 ostendit
1176 1494 1329 1545 versatum
1364 1484 1471 1560 (illinc

123 1608 227 1649 omnes
248 1589 449 1670 praestrigias
472 1636 480 1651 .
505 1632 512 1648 .
538 1633 546 1649 .
570 1608 674 1649 omnes
693 1589 844 1663 fallaciae,
879 1589 980 1649 omnia
1012 1589 1142 1669 denique
1176 1588 1215 1649 ab
1248 1591 1291 1650 eis
1313 1591 1471 1651 mimorum

127 1702 305 1773 argumenta
326 1690 512 1779 natasnnt')
535 1691 633 1752 -id
665 1713 701 1753 eo
732 1693 924 1754 referendum
956 1702 1011 1775 eet,
1051 1693 1132 1774 quod
1165 1695 1248 1754 mimi
1279 1716 1340 1756 non
1373 1696 1471 1755 minue

125 1819 215 1882 quam
247 1797 369 1862 fabulae
399 1797 561 1860 Atellanae
592 1800 739 1860 rationem
771 1819 788 1859 e
820 1818 930 1859 scaena
961 1800 1028 1879 ipsa
1060 1809 1253 1879 cognoverat.
1290 1800 1349 1861 huc
1364 1832 1367 1837 ·
1380 1801 1470 1860 etiam

123 1913 247 1985 spectat,
272 1904 354 1985 quod
377 1902 415 1964 de
438 1906 591 1978 Tutore,
615 1905 706 1965 mimo
729 1912 844 1978 vetere,
872 1903 1031 1985 praedicat
1053 1903 1091 1964 do
1114 1925 1156 1965 or.
1181 1905 1215 1965 Π
1239 1906 1290 1980 64,
1315 1906 1391 1967 259:
1416 1904 1472 1967 ‘est

126 2010 217 2069 etiam
240 2009 272 2069 in
303 2008 397 2069 verbo
420 2010 552 2091 positum
586 2031 646 2070 non
670 2009 815 2071 insulsum
848 2029 943 2089 genus
967 2028 1006 2069 ex
1029 2029 1074 2092 eo,
1099 2027 1165 2071 cum
1189 2009 1386 2085 adverbum,
1409 2031 1470 2071 uon

126 2113 164 2174 ad
188 2116 371 2175 sententiam
401 2135 466 2175 rem
496 2116 633 2197 accipere
654 2116 789 2179 videare.
823 2135 862 2176 ex
894 2134 954 2196 quo
986 2136 1045 2177 uno
1069 2115 1182 2196 genere
1208 2125 1253 2177 est
1275 2116 1373 2177 Tutor
1397 2162 1404 2177 .
1430 2162 1437 2177 .
1462 2165 1470 2181 .

124 2219 235 2301 oppido
272 2218 438 2280 ridiculus!
472 2229 563 2301 atque
595 2204 720 2283 alterius
751 2222 835 2283 mimi
862 2241 973 2283 nomen
1005 2222 1116 2302 legitur
1147 2219 1187 2281 ad
1214 2220 1280 2283 Art.
1303 2222 1320 2280 I
1344 2226 1394 2296 16,
1420 2224 1471 2303 13,

122 2327 207 2386 cuius
243 2334 453 2404 argumentum
476 2362 519 2371 —
547 2327 746 2408 ‘Pythagorei
776 2327 1019 2409 demigratione
1052 2327 1170 2387 animae
1203 2325 1352 2406 dogmatis
1382 2347 1469 2407 prae·

27 2471 28 2474 =
123 2439 340 2512 ceptorumque
362 2430 400 2491 ad
423 2432 537 2492 victum
562 2434 777 2514 pertinentium
799 2433 907 2495 irrisio’
924 2469 966 2481 -
982 2433 1074 2511 vulgo
1097 2441 1202 2493 notum
1224 2432 1317 2493 fuisse
1340 2431 1468 2492 videtur.

123 2536 226 2597 scribit
249 2537 328 2597 euim
353 2536 458 2598 Cicero
483 2537 520 2597 ad
546 2537 696 2601 Atticum:
730 2538 866 2599 ‘videsne
889 2538 1075 2601 consulatum
1097 2538 1184 2599 illum
1206 2546 1350 2612 nostrum,
1382 2558 1472 2619 quem

127 2640 219 2702 Curio
243 2650 333 2703 antea
356 2640 545 2707 ἀποθέωσιν
575 2643 714 2720 vocabat,
747 2645 774 2704 si
803 2644 854 2703 hic
876 2645 973 2704 factus
996 2644 1062 2717 erit,
1085 2642 1219 2703 Fabam
1250 2643 1372 2703 mimum
1393 2644 1471 2703 futu·

128 2746 225 2807 ruml'
263 2768 301 2807 ex
322 2748 381 2808 hoc
411 2748 504 2826 igitur
526 2768 647 2827 genere,
681 2748 761 2829 quod
784 2746 890 2810 Cicero
923 2748 961 2808 de
984 2769 1027 2812 or.
1050 2749 1083 2808 H
1106 2749 1157 2822 68,
1182 2748 1245 2808 274
1264 2748 1375 2810 levius
1407 2769 1472 2810 esse
1575 2810 1624 2830 „A

125 2854 191 2913 iure
214 2852 296 2927 dicit,
321 2860 461 2933 quattuor
484 2851 590 2915 eodem
619 2854 686 2914 loco
718 2851 845 2935 adponit
865 2872 980 2927 versus,
1012 2857 1105 2935 atque
1128 2872 1311 2935 quamquam
1334 2853 1407 2916 ibid.
1440 2854 1473 2917 id

126 2977 222 3038 genus
253 2976 479 3038 nonnumquam
517 2958 609 3021 otiam
640 2957 723 3040 apud
755 2966 903 3019 oratorem
926 2958 1049 3019 *habere
1081 2957 1198 3040 aliquid
1231 2958 1290 3025 loci
1322 2958 1471 3040 concedit,

124 3071 226 3123 temen
248 3064 441 3145 perspicuum
463 3065 540 3124 est
531 3084 632 3145 rpsum
654 3062 816 3125 eiusmodi
832 3061 1072 3139 carminibus,
1048 3084 1073 3124 ιι
1090 3083 1126 3124 ea
1141 3064 1183 3123 ita
1198 3062 1270 3125 licet
1285 3084 1471 3150 nuncupare,

123 3188 248 3251 operam
262 3189 324 3229 non
339 3168 469 3232 dedisse.
480 3189 569 3250 quarn
585 3189 647 3230 rem
664 3170 755 3231 etiam
771 3169 965 3261 comprobare
979 3167 1100 3229 videtur
1102 3166 1207 3251 ,quod
1222 3187 1261 3229 ue
1277 3169 1471 3231 exLaberii

127 3256 250 3355 quidem
274 3254 490 3355 Valeriique
511 3276 612 3335 mimis
634 3258 739 3359 (Ribb.
763 3272 848 3337 Gom
872 3275 971 3336 Rom.¹
983 3276 1020 3334 ιι.
1042 3296 1073 3355 ιι.
1091 3275 1153 3336 279
1169 3272 1274 3360 sqq)
1284 3276 1339 3356 qui
1359 3274 1449 3335 hoc
1440 3296 1471 3337 ιιι

122 3399 235 3461 genere
256 3380 368 3439 ultimis
383 3380 585 3460 reipublicae
599 3380 785 3463 temporibus
806 3379 1024 3454 excelluerunt,
1049 3399 1174 3479 usquam
1190 3381 1266 3461 petit
1280 3381 1471 3467 versiculum.

123 3484 281 3565 utriusque
302 3494 403 3545 autem
427 3484 464 3545 ad
487 3486 557 3546 fam.
574 3486 705 3562 v1111,
723 3488 831 3549 tiscit
854 3470 1069 3561 mentionem
1060 3507 1093 3546 ιιι
1105 3466 1257 3567 epistula,
1280 3505 1371 3567 quam
1390 3485 1473 3552 dedit

124 3588 163 3647 ad
187 3588 396 3649 Trebatium
387 3611 419 3650 ιιι
442 3591 629 3652 Britanniam
653 3591 702 3666 (de
724 3612 783 3672 quo
809 3614 838 3653 v.
861 3613 892 3673 p
908 3586 1008 3675 255):
1033 3589 1097 3650 ‘sed
1126 3589 1201 3650 hene
1224 3600 1266 3667 tu,
1292 3591 1365 3672 quid
1388 3592 1473 3672 agis?

124 3693 217 3755 video
240 3695 321 3756 enim
343 3696 406 3755 te
397 3697 492 3756 rocari
523 3716 578 3778 per
609 3697 791 3757 litterae..
816 3698 874 3758 ,si
897 3697 956 3758 cito
986 3704 1017 3757 te
1047 3695 1210 3771 rettuleris,
1242 3716 1340 3759 sermo
1372 3697 1473 3757 nullus

126 3801 198 3875 erit;
231 3800 256 3874 si
279 3799 391 3861 diutius
422 3786 533 3862 trustra
564 3802 685 3877 afueris,
718 3822 779 3862 nou
810 3787 899 3862 modo
921 3801 1096 3876 Laberium,
1129 3800 1182 3861 sed
1215 3802 1307 3896 etiam
1339 3801 1474 3863 sodalem

81 3968 87 3975 ,
125 3913 261 3965 nostrum
270 3904 427 3966 Valerium
447 3900 498 3989 (cf.
510 3887 559 3966 ad
571 3907 642 3967 fam
659 3903 907 3990 11031111‚3)
930 3908 1119 3987 pertimesco.
1143 3907 1221 3968 mira
1244 3890 1326 3969 enim
1345 3925 1474 3991 persona

126 4010 229 4070 induci
251 4019 352 4092 potest
368 4011 566 4071 Britannici
557 4031 623 4072 rure
646 4010 793 4072 consulti?
818 4012 960 4071 extiterat
984 4011 1064 4071 enim
1080 4008 1234 4073 Ciceronis
1249 4020 1383 4103 tempore
1398 4032 1472 4087 mos,

123 4123 159 4173 ut
191 4114 222 4173 in
246 4116 343 4175 mimis
371 4114 506 4175 homines
539 4116 628 4176 etiam
660 4124 724 4176 tum
746 4116 811 4175 vivi
846 4116 1099 4198 compellerentur
1122 4125 1213 4197 atque
1237 4117 1472 4199 carperenturl)

231 4376 251 4442 ¹)
264 4376 304 4428 cf.
312 4391 361 4443 pro
371 4376 500 4439 Quinctio
515 4380 557 4441 1⁷,
568 4379 614 4431 562
626 4379 715 4429 ‘vetus
729 4382 769 4429 est
781 4337 814 4430 de
828 4352 919 4428 scurra
932 4376 1015 4428 multo
1029 4376 1137 4429 facilius
1152 4332 1261 4429 divitem
1274 4392 1355 4445 quem
1368 4382 1473 4446 patrem

122 4462 242 4515 familias
260 4463 318 4515 fieri
335 4462 433 4531 posse!

232 4549 252 4618 ·)
271 4551 312 4604 cr.
332 4552 433 4604 comer.
452 4552 486 4603 su
505 4553 570 4603 ner.
588 4552 602 4603 1
621 4553 662 4615 ιι,
681 4554 728 4618 cs,
751 4552 777 4602 11
798 4554 839 4615 13,
859 4554 904 4617 ιιι
925 4549 994 4603 oeli.
1012 4553 1043 4603 u.
1063 4551 1094 4608 a.
1112 4550 1190 4605 xvu
1210 4556 1251 4619 ιι,
1268 4555 1293 4605 ι.
1361 4558 1364 4567 ·

167 4637 223 4673 orus.
236 4636 285 4680 pus
298 4636 359 4674 vna
371 4639 386 4674 ι.
1319 4642 1353 4693 22

1568 4638 1595 4672 Α
1623 4620 1624 4673 l
