3300 5059
180 289 244 350 278

184 501 250 545 asse
273 489 371 540 actam
396 478 502 541 ecdem
533 480 598 540 loco
632 478 682 565 (de
705 481 753 539 off.
786 479 803 538 Ι
827 482 878 552 31,
906 478 981 564 114)
1015 480 1187 541 edocemurz
1219 481 1292 541 dicit
1325 484 1412 542 euim·
1428 482 1528 545 Cicero

182 585 339 667 Aesopum
363 607 423 646 non
447 605 539 665 saepe
562 588 729 667 suscepisse
755 594 856 667 partes
879 586 991 649 Aiacis.
1027 586 1080 648 scd
1112 608 1206 648 unum
1226 597 1343 649 tantum
1373 589 1471 649 locum
1494 610 1530 649 ex

181 692 239 752 hac
261 691 368 752 fabula
390 691 436 751 bis
459 692 591 770 attingit,
623 712 662 752 ex
697 694 832 753 oratioue
860 692 1004 753 videlicet
1035 693 1137 753 Aiacis
1170 694 1279 769 insani,
1313 716 1373 775 qna
1399 693 1530 754 Achivos

182 817 248 857 sese
271 796 418 857 cecidisse
440 797 584 857 laetatnrr
614 795 652 857 de
675 817 717 856 or.
741 797 792 857 HI
814 798 866 871 40,
895 801 954 859 162
979 796 1031 880 (cf.
1055 819 1086 879 p.
1112 800 1185 872 262)
1209 806 1239 859 et
1261 798 1317 860 Ac.
1351 800 1384 859 Π
1408 802 1458 874 28,
1492 802 1530 859 89

182 901 256 987 (inc.
278 903 337 964 inc.
361 904 383 963 f.
408 906 473 979 29).

288 1008 347 1071 Sed
371 1007 409 1069 de
432 1008 479 1069 his
500 1007 610 1069 fabulis
633 1009 788 1069 hacteuus.
812 1009 948 1087 sequitur
975 1016 1009 1067 ut
1032 1028 1118 1087 agam
1142 1007 1180 1105 de
1204 1009 1257 1083 eis,
1291 1029 1370 1089 quac
1391 1030 1463 1070 num
1485 1008 1533 1069 Ci-

184 1114 300 1175 ceronis
318 1123 415 1175 aetate
435 1124 521 1176 actae
537 1119 606 1191 sint,
623 1136 677 1196 pro
694 1127 775 1176 certo
791 1136 851 1175 nou
867 1124 966 1196 potest
980 1113 1142 1179 adfirmari.
1161 1136 1344 1197 quamquam
1358 1116 1436 1176 hanc
1451 1116 1534 1175 illam

183 1218 233 1278 vel
249 1227 331 1281 certe
346 1220 480 1299 singulos
495 1220 576 1281 locos
592 1220 737 1301 quosdam
752 1242 811 1282 non
828 1222 932 1300 ignota
952 1221 1044 1280 fuisse
1058 1219 1227 1281 videbimus
1244 1221 1296 1301 eis,
1315 1222 1367 1301 qui
1383 1219 1534 1281 Ciceronis

183 1333 319 1404 tempore
341 1333 434 1397 crant,
463 1325 647 1386 hominibus:
681 1326 762 1386 uude
784 1326 822 1385 ad
846 1347 913 1386 eam
935 1326 1025 1387 facile
1047 1325 1256 1397 inclinabimus
1279 1327 1458 1387 sententiam
1481 1326 1535 1387 has

185 1450 305 1511 quoque
326 1429 445 1492 fabulas
466 1423 531 1492 tum
553 1451 571 1490 a
593 1450 703 1491 scaena
723 1440 852 1492 remotas
875 1452 935 1491 non
957 1432 1058 1492 fuisse.

289 1535 336 1596 Ac
347 1538 479 1616 primum
494 1536 616 1618 quidem
631 1535 729 1597 dicam
744 1536 782 1596 de
797 1536 995 1618 Iphigenia
1005 1534 1106 1621 (Ribb'.
1118 1536 1209 1615 Trag.
1222 1537 1309 1595 Rom.
1319 1537 1356 1596 fr.
1366 1558 1396 1617 p.
1409 1540 1448 1598 38
1459 1558 1537 1619 sqq.,

187 1642 291 1701 Roem.
304 1642 397 1721 'hag
417 1665 447 1724 p.
459 1647 500 1703 94
516 1642 606 1723 sqq),
625 1664 662 1703 ex
682 1664 743 1723 qua
759 1641 863 1703 Cicero
882 1644 972 1702 Tusc.
989 1641 1056 1702 IIII
1071 1644 1120 1716 36,
1133 1644 1184 1721 77,
1202 1641 1255 1701 ubi
1273 1620 1405 1721 loquitur
1420 1643 1458 1702 de
1482 1644 1536 1716 ira,

186 1747 276 1825 iurgii
297 1746 378 1806 illius
399 1749 477 1806 inter
500 1747 757 1827 Agamemnonem
781 1757 811 1807 et
834 1748 1006 1807 Menelaum
1029 1747 1102 1806 lacit
1116 1748 1309 1822 mentionem,
1334 1746 1415 1827 quod
1429 1748 1535 1809 eodem

187 1849 274 1911 modo
297 1852 449 1911 iuvenitur
472 1852 552 1933 apud
568 1853 746 1933 Euripidem
767 1853 835 1934 Iph.
860 1853 932 1913 Aul.
959 1855 1020 1913 327
1041 1873 1107 1932 sqq.
1132 1850 1212 1931 quod
1235 1852 1374 1931 iurgium,
1401 1862 1433 1913 ut
1455 1856 1538 1935 apud

186 1955 374 2035 Euripidem,
404 1977 459 2037 per
491 1956 714 2041 στιχομυθίαν,
746 1976 824 2039 quae
847 1957 964 2031 dicitur,
997 1965 1151 2038 peractum
1184 1976 1249 2017 esse
1281 1978 1320 2018 ex
1350 1959 1415 2018 loco
1444 1979 1538 2039 supra

185 2069 415 2121 commemorato
438 2062 577 2142 adparet:
603 2063 735 2123 ‘alternis
759 2063 838 2123 enim
861 2062 997 2123 versibus
1014 2064 1221 2141 intorquentur
1243 2064 1321 2122 inter
1340 2064 1445 2123 fratres
1468 2085 1536 2144 gra-

187 2164 326 2224 vissimae
342 2168 551 2243 contumeliae,
575 2177 608 2227 ut
622 2168 712 2228 facile
734 2166 880 2248 adpareat
897 2168 982 2227 Atrei
1005 2166 1083 2227 filios
1099 2163 1183 2228 esse.’
1207 2166 1288 2226 hunc
1310 2168 1402 2247 igitur
1410 2170 1414 2181 ”
1427 2168 1539 2244 locum,

188 2268 241 2328 nbi
264 2251 356 2330 animi
377 2281 474 2332 motus
506 2273 618 2353 optime
649 2272 854 2353 depinguntur
877 2294 922 2347 eo,
955 2272 1036 2353 quod
1070 2292 1130 2331 vor
1153 2272 1261 2351 premit
1289 2292 1404 2346 vocem,
1435 2282 1540 2333 contu-

189 2372 280 2432 melia
300 2377 436 2456 sequitur
458 2376 679 2451 contumeliam,
704 2375 842 2437 Ciceroni
863 2376 1014 2458 placuisse
1029 2392 1097 2436 'non
1121 2384 1166 2435 est
1189 2377 1306 2435 mirum.
1330 2375 1444 2437 habent
1460 2378 1542 2436 euim

190 2478 254 2537 eius
277 2477 357 2539 modi
380 2480 440 2540 loci
464 2481 553 2539 etiam
576 2482 608 2539 in
630 2481 793 2560 tragoediis
823 2480 957 2555 Graecis,
983 2479 1063 2561 quod
1095 2481 1202 2540 mirum
1226 2488 1372 2560 quantum
1400 2480 1541 2542 delectet.

191 2591 282 2661 atque
304 2592 337 2643 ut
363 2585 444 2664 apud
467 2584 643 2665 Euripidem
668 2586 730 2647 956
754 2606 820 2666 sqq.
854 2586 890 2646 ob
923 2584 1095 2646 Calchantis
1127 2586 1372 2645 vaticinationem
1403 2584 1542 2646 Achilles

189 2688 283 2747 iratus
305 2689 336 2748 in
358 2698 445 2749 vates
467 2690 629 2765 invehitur,
653 2692 696 2751 sic
718 2692 835 2751 Ennius
858 2710 979 2772 quoque
1000 2711 1055 2771 pro
1080 2708 1162 2751 more
1185 2710 1238 2750 suo
1262 2686 1315 2774 (cf.
1337 2712 1368 2771 p.
1394 2691 1457 2750 264
1480 2694 1543 2771 sq.)

192 2795 355 2873 astrologos
377 2796 451 2855 facit
473 2803 644 2876 carpentem
666 2781 831 2856 Achillem:
936 2876 938 2881 Ι

400 2964 603 3037 ‘astrologorum
622 2966 701 3034 sigua
718 2970 747 3019 iu
765 2968 841 3019 caelo
861 2965 976 3035 quaesit,
996 2964 1128 3030 obserndt,
1148 2968 1243 3017 Iouis·
1289 3013 1292 3017 .

399 3053 460 3105 crim
477 3070 558 3121 capra
576 3061 623 3106 aut
640 3070 711 3122 nepa
729 3054 777 3107 adt
795 3058 911 3110 exoritur
930 3053 1034 3105 mdmen
1052 3054 1160 3119 aliquod
1181 3052 1278 3105 beluae

402 3140 472 3208 qudd
492 3149 614 3194 estante
632 3144 724 3210 pedes,
743 3142 833 3195 noenu
852 3148 984 3209 spectant,
1003 3139 1072 3192 caeli
1090 3138 1242 3192 scrutantur
1260 3141 1364 3208 plagas'
1399 3140 1442 3207 (fr.
1461 3140 1510 3207 8.),
1618 3157 1623 3166 ·

194 3337 272 3399 quae
295 3318 388 3378 rerba
409 3315 546 3379 omnibus
569 3320 724 3381 notissima
746 3318 887 3379 videntur
908 3319 1009 3378 fuisse.
1039 3316 1149 3377 etenim
1174 3315 1279 3377 Cicero
1303 3316 1340 3376 de
1362 3336 1393 3377 re
1415 3316 1500 3397 publ.
1529 3319 1547 3376 Ι

196 3424 246 3496 18,
271 3424 313 3482 30
334 3422 481 3497 Laelium,
514 3432 548 3484 ut
569 3424 697 3498 videtur,
722 3424 760 3483 de
782 3423 873 3484 Aelio
896 3422 987 3483 Sexto
1003 3420 1120 3482 inducit
1142 3422 1184 3481 sic
1205 3422 1395 3502 loquentem:
1421 3423 1547 3502 ‘cuique

127 3510 129 3514 ⁵
196 3522 298 3609 (Aelio
321 3525 428 3610 Sexto)
452 3537 557 3593 contra
580 3529 662 3589 Galli
686 3528 784 3589 studia
818 3527 983 3607 disputanti
1015 3527 1046 3586 in
1075 3545 1126 3586 ore
1160 3545 1278 3606 semper
1310 3535 1395 3585 erant
1427 3526 1483 3585 illa
1508 3526 1549 3585 dc
1626 3536 1627 3597 Ϊ

195 3631 354 3711 Iphigenia
376 3630 520 3693 Achillis:
544 3634 771 3712 ‘astrologorum
796 3678 855 3691 ...
878 3632 1003 3713 plagas’,
1033 3638 1064 3694 et
1086 3632 1226 3691 Donatus
1249 3629 1287 3690 ad
1310 3631 1382 3689 Ter.
1406 3629 1548 3709 Adelph.

195 3737 245 3796 ΠΙ
277 3740 305 3810 3,
339 3739 379 3799 32
417 3736 523 3819 (‘quod
556 3747 626 3797 ante
658 3735 752 3817 pedes
784 3737 872 3801 modo
905 3746 950 3798 est
970 3735 975 3817 l
995 3730 1122 3819 uidere’)
1155 3736 1316 3816 sumpsisse
1347 3737 1390 3795 ait
1421 3743 1549 3815 poetam
1619 3759 1625 3834 q

196 3842 233 3901 de
254 3837 313 3902 illo?
338 3843 370 3901 in
401 3842 562 3922 physicum
591 3842 768 3922 pervulgato
792 3840 921 3901 Achillis
954 3838 1050 3903 dicto:
1085 3838 1175 3919 ‘quod
1208 3847 1253 3899 est
1276 3883 1415 3901 .....
1419 3842 1437 3918 '‚
1461 3838 1548 3899 unde
1622 3876 1627 3895 ι

197 3946 336 4009 concludi
367 3947 440 4007 licet
461 3946 561 4006 Laelii
596 3955 626 4006 et
648 3948 786 4007 Terentii
818 3956 917 4007 aetate
949 3954 1047 4006 actam
1071 3965 1136 4006 esse
1168 3944 1247 4004 hauc
1269 3943 1414 4003 fabulam.
1450 3952 1550 4024 atque

198 4074 381 4135 quamquam
405 4060 484 4111 certe
508 4050 606 4112 dicere
634 4073 693 4113 non
713 4072 882 4133 possumus,
912 4073 981 4111 num
999 4048 1152 4111 Ciceronis
1169 4070 1289 4130 quoque
1305 4058 1441 4130 tempore
1457 4049 1498 4109 sit
1515 4049 1551 4108 in

197 4178 337 4219 scaenam
352 4157 451 4231 missa,
468 4165 569 4216 tamen
586 4157 735 4236 colligitur
750 4178 805 4238 per
820 4158 943 4237 longum
960 4165 1078 4236 tempus
1094 4156 1175 4215 locos
1191 4153 1350 4215 nonnullos
1365 4156 1397 4213 in
1415 4155 1555 4213 omnium

197 4271 299 4322 mente
320 4262 452 4322 haesisse
469 4239 522 4346 (ci.
545 4262 620 4321 illud
645 4259 867 4341 ‘pervolgat0’).
892 4260 997 4322 Cicero
1021 4261 1143 4341 quidem
1166 4260 1257 4319 etiam
1281 4258 1318 4317 de
1343 4257 1403 4317 div.
1435 4258 1470 4317 H
1499 4260 1555 4332 13,

199 4370 241 4428 30
263 4366 393 4427 Achillis
415 4367 469 4426 illa
497 4368 592 4429 verba
614 4376 835 4427 commemorat.
853 4364 978 4432 ¹deinde
1011 4364 1145 4425 eiusdem
1168 4362 1290 4424 fabulae
1322 4362 1430 4429 facete⁴
1449 4364 1554 4423 utitur

198 4471 309 4546 verbis,
342 4471 450 4552 quibus
474 4470 728 4553 Clytaemnestra,
759 4493 840 4533 cum.
855 4471 893 4531 ab
918 4472 1146 4550 Agamemnone
1170 4468 1312 4530 arcessita
1334 4468 1426 4527 filiam
1458 4466 1560 4529 addu-

200 4586 289 4650 ceret,
312 4578 451 4637 maritum
473 4577 660 4660 adloquitur:
